<?xml version="1.0" encoding="UTF-8"?>
<!DOCTYPE html PUBLIC "-//W3C//DTD XHTML 1.0 Transitional//EN"
    "http://www.w3.org/TR/xhtml1/DTD/xhtml1-transitional.dtd">
<html xmlns="http://www.w3.org/1999/xhtml" xml:lang="en" lang="en">
 <head>
  <title>
</title>
<meta http-equiv="Content-Type" content="text/html;charset=utf-8" />
  <meta name='ocr-system' content='tesseract 3.04.00' />
  <meta name='ocr-capabilities' content='ocr_page ocr_carea ocr_par ocr_line ocrx_word'/>
</head>
<body>
  <div class='ocr_page' id='page_1' title='image "./demosthenisorat03demogoog_0223.png"; bbox 0 0 3066 5056; ppageno 0'>
   <div class='ocr_carea' id='block_1_1' title="bbox 271 302 335 363">
    <p class='ocr_par' dir='ltr' id='par_1_1' title="bbox 271 302 335 363">
     <span class='ocr_line' id='line_1_1' title="bbox 271 302 335 363; baseline -0.031 0"><span class='ocrx_word' id='word_1_1' title='bbox 271 302 335 363; x_wconf 68' lang='lat'>2⁰2</span> 
     </span>
    </p>
   </div>
   <div class='ocr_carea' id='block_1_2' title="bbox 266 469 1281 842">
    <p class='ocr_par' dir='ltr' id='par_1_2' title="bbox 266 469 1281 842">
     <span class='ocr_line' id='line_1_2' title="bbox 268 469 1281 536; baseline 0.001 -20"><span class='ocrx_word' id='word_1_2' title='bbox 268 469 290 519; x_wconf 85' lang='lat' dir='ltr'>i..</span> <span class='ocrx_word' id='word_1_3' title='bbox 311 485 392 530; x_wconf 74' lang='lat' dir='ltr'>unque</span> <span class='ocrx_word' id='word_1_4' title='bbox 411 474 440 520; x_wconf 89' lang='lat' dir='ltr'>ad</span> <span class='ocrx_word' id='word_1_5' title='bbox 464 476 487 535; x_wconf 64' lang='lat' dir='ltr'>p.</span> <span class='ocrx_word' id='word_1_6' title='bbox 507 475 563 536; x_wconf 86' lang='lat' dir='ltr'>lt.‚</span> <span class='ocrx_word' id='word_1_7' title='bbox 585 484 648 532; x_wconf 85' lang='lat' dir='ltr'>quae</span> <span class='ocrx_word' id='word_1_8' title='bbox 667 471 753 519; x_wconf 89' lang='lat' dir='ltr'>omnia</span> <span class='ocrx_word' id='word_1_9' title='bbox 772 473 803 520; x_wconf 84' lang='lat' dir='ltr'>ed</span> <span class='ocrx_word' id='word_1_10' title='bbox 823 473 899 520; x_wconf 84' lang='lat' dir='ltr'>rerba</span> <span class='ocrx_word' id='word_1_11' title='bbox 915 471 969 535; x_wconf 80' lang='lat' dir='ltr'>ille,</span> <span class='ocrx_word' id='word_1_12' title='bbox 988 483 1054 532; x_wconf 82' lang='lat' dir='ltr'>quae</span> <span class='ocrx_word' id='word_1_13' title='bbox 1073 471 1147 518; x_wconf 91' lang='lat' dir='ltr'>modo</span> <span class='ocrx_word' id='word_1_14' title='bbox 1167 469 1281 532; x_wconf 83' lang='lat' dir='ltr'>laudari,</span> 
     </span>
     <span class='ocr_line' id='line_1_3' title="bbox 267 571 1281 647; baseline -0.001 -28"><span class='ocrx_word' id='word_1_15' title='bbox 267 585 298 619; x_wconf 83' lang='lat' dir='ltr'>ex</span> <span class='ocrx_word' id='word_1_16' title='bbox 326 575 505 633; x_wconf 75' lang='lat' dir='ltr'>opponitiuuie</span> <span class='ocrx_word' id='word_1_17' title='bbox 524 576 627 647; x_wconf 86' lang='lat' dir='ltr'>ratione</span> <span class='ocrx_word' id='word_1_18' title='bbox 651 575 806 622; x_wconf 83' lang='lat' dir='ltr'>ittuatreuda</span> <span class='ocrx_word' id='word_1_19' title='bbox 836 576 934 635; x_wconf 82' lang='lat' dir='ltr'>vatent,</span> <span class='ocrx_word' id='word_1_20' title='bbox 966 575 1038 626; x_wconf 85' lang='lat' dir='ltr'>notia</span> <span class='ocrx_word' id='word_1_21' title='bbox 1067 586 1176 632; x_wconf 74' lang='lat' dir='ltr'>pruruoa</span> <span class='ocrx_word' id='word_1_22' title='bbox 1208 571 1281 618; x_wconf 70' lang='lat' dir='ltr'>iltius</span> 
     </span>
     <span class='ocr_line' id='line_1_4' title="bbox 266 663 1279 737; baseline -0.002 -17"><span class='ocrx_word' id='word_1_23' title='bbox 266 675 449 732; x_wconf 83' lang='lat' dir='ltr'>puatutationia</span> <span class='ocrx_word' id='word_1_24' title='bbox 468 680 494 724; x_wconf 86' lang='lat' dir='ltr'>tit</span> <span class='ocrx_word' id='word_1_25' title='bbox 513 676 626 737; x_wconf 88' lang='lat' dir='ltr'>mentio,</span> <span class='ocrx_word' id='word_1_26' title='bbox 645 677 722 724; x_wconf 91' lang='lat' dir='ltr'>immo</span> <span class='ocrx_word' id='word_1_27' title='bbox 744 690 804 724; x_wconf 86' lang='lat' dir='ltr'>rero</span> <span class='ocrx_word' id='word_1_28' title='bbox 825 691 856 722; x_wconf 91' lang='lat' dir='ltr'>ne</span> <span class='ocrx_word' id='word_1_29' title='bbox 874 689 906 722; x_wconf 76' lang='lat' dir='ltr'>ea</span> <span class='ocrx_word' id='word_1_30' title='bbox 924 663 1066 735; x_wconf 82' lang='lat' dir='ltr'>longinquo</span> <span class='ocrx_word' id='word_1_31' title='bbox 1094 673 1195 732; x_wconf 86' lang='lat' dir='ltr'>quidem</span> <span class='ocrx_word' id='word_1_32' title='bbox 1221 672 1279 719; x_wconf 77' lang='lat' dir='ltr'>eiua</span> 
     </span>
     <span class='ocr_line' id='line_1_5' title="bbox 267 750 1278 842; baseline 0.001 -23"><span class='ocrx_word' id='word_1_33' title='bbox 267 774 375 822; x_wconf 88' lang='lat' dir='ltr'>habetur</span> <span class='ocrx_word' id='word_1_34' title='bbox 397 779 477 842; x_wconf 76' lang='lat' dir='ltr'>ratio,</span> <span class='ocrx_word' id='word_1_35' title='bbox 496 750 566 838; x_wconf 83' lang='lat' dir='ltr'>hoe,</span> <span class='ocrx_word' id='word_1_36' title='bbox 591 778 711 838; x_wconf 85' lang='lat' dir='ltr'>inquam,</span> <span class='ocrx_word' id='word_1_37' title='bbox 742 779 806 824; x_wconf 78' lang='lat' dir='ltr'>tatia</span> <span class='ocrx_word' id='word_1_38' title='bbox 832 779 1009 834; x_wconf 77' lang='lat' dir='ltr'>demonstrat,</span> <span class='ocrx_word' id='word_1_39' title='bbox 1040 777 1070 823; x_wconf 85' lang='lat' dir='ltr'>de</span> <span class='ocrx_word' id='word_1_40' title='bbox 1101 774 1278 835; x_wconf 76' lang='lat' dir='ltr'>pertubatione</span> 
     </span>
    </p>
   </div>
   <div class='ocr_carea' id='block_1_3' title="bbox 266 877 747 947">
    <p class='ocr_par' dir='ltr' id='par_1_3' title="bbox 266 877 747 947">
     <span class='ocr_line' id='line_1_6' title="bbox 266 877 747 947; baseline 0.01 -26"><span class='ocrx_word' id='word_1_41' title='bbox 266 877 401 924; x_wconf 81' lang='lat' dir='ltr'>Aeaehinie</span> <span class='ocrx_word' id='word_1_42' title='bbox 421 879 444 947; x_wconf 85' lang='lat' dir='ltr'>h.</span> <span class='ocrx_word' id='word_1_43' title='bbox 464 881 480 926; x_wconf 91' lang='grc' dir='ltr'>Ι.</span> <span class='ocrx_word' id='word_1_44' title='bbox 500 880 605 926; x_wconf 87' lang='lat' dir='ltr'>omnino</span> <span class='ocrx_word' id='word_1_45' title='bbox 625 895 675 926; x_wconf 92' lang='lat' dir='ltr'>nou</span> <span class='ocrx_word' id='word_1_46' title='bbox 696 880 747 940; x_wconf 78' lang='lat' dir='ltr'>agi.</span> 
     </span>
    </p>
   </div>
   <div class='ocr_carea' id='block_1_4' title="bbox 264 996 1278 1463">
    <p class='ocr_par' dir='ltr' id='par_1_4' title="bbox 264 996 1278 1463">
     <span class='ocr_line' id='line_1_7' title="bbox 336 996 1277 1055; baseline -0.001 -14"><span class='ocrx_word' id='word_1_47' title='bbox 336 1000 460 1045; x_wconf 82' lang='lat' dir='ltr'>intactam</span> <span class='ocrx_word' id='word_1_48' title='bbox 479 1004 564 1045; x_wconf 90' lang='lat' dir='ltr'>autem</span> <span class='ocrx_word' id='word_1_49' title='bbox 584 999 606 1045; x_wconf 81' lang='lat' dir='ltr'>ai</span> <span class='ocrx_word' id='word_1_50' title='bbox 624 997 665 1044; x_wconf 87' lang='lat' dir='ltr'>eui</span> <span class='ocrx_word' id='word_1_51' title='bbox 686 998 818 1045; x_wconf 76' lang='lat' dir='ltr'>videamur</span> <span class='ocrx_word' id='word_1_52' title='bbox 834 998 943 1055; x_wconf 81' lang='lat' dir='ltr'>aliquam</span> <span class='ocrx_word' id='word_1_53' title='bbox 969 996 1106 1055; x_wconf 69' lang='lat' dir='ltr'>reliquisse</span> <span class='ocrx_word' id='word_1_54' title='bbox 1132 996 1277 1043; x_wconf 86' lang='lat' dir='ltr'>dubitatio·</span> 
     </span>
     <span class='ocr_line' id='line_1_8' title="bbox 267 1084 1276 1161; baseline -0.001 -18"><span class='ocrx_word' id='word_1_55' title='bbox 267 1112 340 1161; x_wconf 82' lang='lat' dir='ltr'>nem,</span> <span class='ocrx_word' id='word_1_56' title='bbox 360 1115 392 1146; x_wconf 77' lang='lat' dir='ltr'>ex</span> <span class='ocrx_word' id='word_1_57' title='bbox 413 1115 463 1159; x_wconf 82' lang='lat' dir='ltr'>quo</span> <span class='ocrx_word' id='word_1_58' title='bbox 481 1100 583 1146; x_wconf 82' lang='lat' dir='ltr'>defendi</span> <span class='ocrx_word' id='word_1_59' title='bbox 603 1099 686 1160; x_wconf 74' lang='lat' dir='ltr'>poerit</span> <span class='ocrx_word' id='word_1_60' title='bbox 706 1084 897 1158; x_wconf 69' lang='lat' dir='ltr'>iiupedenii</span> <span class='ocrx_word' id='word_1_61' title='bbox 916 1099 1054 1158; x_wconf 73' lang='lat' dir='ltr'>uenientia,</span> <span class='ocrx_word' id='word_1_62' title='bbox 1073 1099 1199 1145; x_wconf 78' lang='lat' dir='ltr'>subtatum</span> <span class='ocrx_word' id='word_1_63' title='bbox 1218 1111 1276 1143; x_wconf 83' lang='lat' dir='ltr'>eam</span> 
     </span>
     <span class='ocr_line' id='line_1_9' title="bbox 265 1197 1278 1261; baseline 0 -17"><span class='ocrx_word' id='word_1_64' title='bbox 265 1199 298 1246; x_wconf 90' lang='lat' dir='ltr'>iri</span> <span class='ocrx_word' id='word_1_65' title='bbox 317 1204 437 1260; x_wconf 84' lang='lat' dir='ltr'>putamue</span> <span class='ocrx_word' id='word_1_66' title='bbox 455 1203 562 1261; x_wconf 79' lang='lat' dir='ltr'>cognita</span> <span class='ocrx_word' id='word_1_67' title='bbox 583 1199 802 1260; x_wconf 67' lang='lat' dir='ltr'>interpretatione</span> <span class='ocrx_word' id='word_1_68' title='bbox 821 1205 924 1260; x_wconf 76' lang='lat' dir='ltr'>neutra,</span> <span class='ocrx_word' id='word_1_69' title='bbox 948 1215 1022 1258; x_wconf 88' lang='lat' dir='ltr'>quam</span> <span class='ocrx_word' id='word_1_70' title='bbox 1047 1204 1127 1246; x_wconf 86' lang='lat' dir='ltr'>totam</span> <span class='ocrx_word' id='word_1_71' title='bbox 1146 1215 1160 1245; x_wconf 87' lang='lat' dir='ltr'>e</span> <span class='ocrx_word' id='word_1_72' title='bbox 1181 1197 1278 1244; x_wconf 88' lang='lat' dir='ltr'>Demo&#39;-</span> 
     </span>
     <span class='ocr_line' id='line_1_10' title="bbox 264 1301 1276 1361; baseline -0.002 -9"><span class='ocrx_word' id='word_1_73' title='bbox 264 1302 363 1352; x_wconf 79' lang='lat' dir='ltr'>athenia</span> <span class='ocrx_word' id='word_1_74' title='bbox 381 1304 567 1350; x_wconf 83' lang='lat' dir='ltr'>sententiarum</span> <span class='ocrx_word' id='word_1_75' title='bbox 588 1315 658 1349; x_wconf 76' lang='lat' dir='ltr'>nexu</span> <span class='ocrx_word' id='word_1_76' title='bbox 678 1306 753 1361; x_wconf 86' lang='lat' dir='ltr'>atque</span> <span class='ocrx_word' id='word_1_77' title='bbox 771 1301 956 1349; x_wconf 81' lang='lat' dir='ltr'>coniunctione</span> <span class='ocrx_word' id='word_1_78' title='bbox 973 1301 1159 1347; x_wconf 76' lang='lat' dir='ltr'>instituendam</span> <span class='ocrx_word' id='word_1_79' title='bbox 1172 1315 1276 1350; x_wconf 72' lang='lat' dir='ltr'>censeo.</span> 
     </span>
     <span class='ocr_line' id='line_1_11' title="bbox 265 1401 1274 1463; baseline -0.001 -14"><span class='ocrx_word' id='word_1_80' title='bbox 265 1405 439 1458; x_wconf 75' lang='lat' dir='ltr'><strong>Quamobrem</strong></span> <span class='ocrx_word' id='word_1_81' title='bbox 464 1404 651 1450; x_wconf 73' lang='lat' dir='ltr'>sententiarum</span> <span class='ocrx_word' id='word_1_82' title='bbox 676 1416 800 1450; x_wconf 79' lang='lat' dir='ltr'>eurmuam</span> <span class='ocrx_word' id='word_1_83' title='bbox 825 1408 851 1452; x_wconf 87' lang='lat' dir='ltr'>et</span> <span class='ocrx_word' id='word_1_84' title='bbox 886 1406 1064 1463; x_wconf 79' lang='lat' dir='ltr'>argumentum</span> <span class='ocrx_word' id='word_1_85' title='bbox 1087 1406 1117 1449; x_wconf 92' lang='lat' dir='ltr'>ab</span> <span class='ocrx_word' id='word_1_86' title='bbox 1144 1401 1274 1450; x_wconf 70' lang='lat' dir='ltr'>orationis</span> 
     </span>
    </p>
   </div>
   <div class='ocr_carea' id='block_1_5' title="bbox 264 1504 701 1586">
    <p class='ocr_par' dir='ltr' id='par_1_5' title="bbox 264 1504 701 1586">
     <span class='ocr_line' id='line_1_12' title="bbox 264 1504 701 1586; baseline 0 -34"><span class='ocrx_word' id='word_1_87' title='bbox 264 1506 393 1586; x_wconf 71' lang='lat' dir='ltr'>principio</span> <span class='ocrx_word' id='word_1_88' title='bbox 413 1509 530 1566; x_wconf 85' lang='lat' dir='ltr'>repetere</span> <span class='ocrx_word' id='word_1_89' title='bbox 550 1518 601 1551; x_wconf 90' lang='lat' dir='ltr'>oon</span> <span class='ocrx_word' id='word_1_90' title='bbox 622 1504 701 1564; x_wconf 79' lang='lat' dir='ltr'>piget.</span> 
     </span>
    </p>
   </div>
   <div class='ocr_carea' id='block_1_6' title="bbox 264 1621 1278 1803">
    <p class='ocr_par' dir='ltr' id='par_1_6' title="bbox 264 1621 1278 1803">
     <span class='ocr_line' id='line_1_13' title="bbox 332 1621 1278 1701; baseline -0.001 -11"><span class='ocrx_word' id='word_1_91' title='bbox 332 1644 382 1690; x_wconf 81' lang='lat' dir='ltr'>Per</span> <span class='ocrx_word' id='word_1_92' title='bbox 405 1642 467 1689; x_wconf 75' lang='lat' dir='ltr'>deor</span> <span class='ocrx_word' id='word_1_93' title='bbox 492 1644 613 1701; x_wconf 78' lang='lat' dir='ltr'>precatur</span> <span class='ocrx_word' id='word_1_94' title='bbox 638 1640 749 1699; x_wconf 74' lang='lat' dir='ltr'>iudicer,</span> <span class='ocrx_word' id='word_1_95' title='bbox 771 1645 799 1688; x_wconf 88' lang='lat' dir='ltr'>ut</span> <span class='ocrx_word' id='word_1_96' title='bbox 818 1638 867 1688; x_wconf 80' lang='lat' dir='ltr'>ribi</span> <span class='ocrx_word' id='word_1_97' title='bbox 884 1653 936 1686; x_wconf 89' lang='lat' dir='ltr'>non</span> <span class='ocrx_word' id='word_1_98' title='bbox 956 1639 1042 1686; x_wconf 83' lang='lat' dir='ltr'>minue</span> <span class='ocrx_word' id='word_1_99' title='bbox 1060 1621 1135 1699; x_wconf 84' lang='lat' dir='ltr'>quam</span> <span class='ocrx_word' id='word_1_100' title='bbox 1155 1640 1278 1689; x_wconf 75' lang='lat' dir='ltr'>Aeschini</span> 
     </span>
     <span class='ocr_line' id='line_1_14' title="bbox 264 1741 1278 1803; baseline 0 -12"><span class='ocrx_word' id='word_1_101' title='bbox 264 1746 340 1802; x_wconf 82' lang='lat' dir='ltr'>aequi</span> <span class='ocrx_word' id='word_1_102' title='bbox 367 1757 396 1791; x_wconf 86' lang='lat' dir='ltr'>ao</span> <span class='ocrx_word' id='word_1_103' title='bbox 420 1742 526 1803; x_wconf 79' lang='lat' dir='ltr'>benigni</span> <span class='ocrx_word' id='word_1_104' title='bbox 550 1743 607 1789; x_wconf 77' lang='lat' dir='ltr'>orie</span> <span class='ocrx_word' id='word_1_105' title='bbox 630 1742 727 1802; x_wconf 86' lang='lat' dir='ltr'>velint,</span> <span class='ocrx_word' id='word_1_106' title='bbox 758 1756 880 1802; x_wconf 87' lang='lat' dir='ltr'>eumque,</span> <span class='ocrx_word' id='word_1_107' title='bbox 910 1741 1065 1800; x_wconf 82' lang='lat' dir='ltr'>quemipae</span> <span class='ocrx_word' id='word_1_108' title='bbox 1084 1742 1278 1791; x_wconf 75' lang='lat' dir='ltr'>inatituendun</span> 
     </span>
    </p>
   </div>
   <div class='ocr_carea' id='block_1_7' title="bbox 264 1841 1278 1915">
    <p class='ocr_par' dir='ltr' id='par_1_7' title="bbox 264 1841 1278 1915">
     <span class='ocr_line' id='line_1_15' title="bbox 264 1841 1278 1915; baseline 0.001 -24"><span class='ocrx_word' id='word_1_109' title='bbox 264 1849 353 1905; x_wconf 86' lang='lat' dir='ltr'>putet,</span> <span class='ocrx_word' id='word_1_110' title='bbox 376 1845 506 1892; x_wconf 69' lang='lat' dir='ltr'>orationis</span> <span class='ocrx_word' id='word_1_111' title='bbox 532 1845 648 1890; x_wconf 82' lang='lat' dir='ltr'>ordinem</span> <span class='ocrx_word' id='word_1_112' title='bbox 674 1844 828 1902; x_wconf 83' lang='lat' dir='ltr'>permittant</span> <span class='ocrx_word' id='word_1_113' title='bbox 852 1844 886 1905; x_wconf 67' lang='grc' dir='ltr'>(ξ.</span> <span class='ocrx_word' id='word_1_114' title='bbox 913 1843 935 1892; x_wconf 91' lang='lat'>1.</span> <span class='ocrx_word' id='word_1_115' title='bbox 955 1841 999 1902; x_wconf 86' lang='grc'><strong>2.).</strong></span> <span class='ocrx_word' id='word_1_116' title='bbox 1033 1844 1088 1890; x_wconf 89' lang='lat' dir='ltr'>Sibi</span> <span class='ocrx_word' id='word_1_117' title='bbox 1112 1850 1198 1915; x_wconf 79' lang='lat' dir='ltr'>autem</span> <span class='ocrx_word' id='word_1_118' title='bbox 1218 1860 1278 1892; x_wconf 84' lang='lat' dir='ltr'>oer-</span> 
     </span>
    </p>
   </div>
   <div class='ocr_carea' id='block_1_8' title="bbox 177 1946 1275 2010">
    <p class='ocr_par' dir='ltr' id='par_1_8' title="bbox 177 1946 1275 2010">
     <span class='ocr_line' id='line_1_16' title="bbox 177 1946 1275 2010; baseline 0.001 -17"><span class='ocrx_word' id='word_1_119' title='bbox 177 2002 182 2010; x_wconf 85' lang='lat'>.</span> <span class='ocrx_word' id='word_1_120' title='bbox 264 1946 370 1993; x_wconf 79' lang='lat' dir='ltr'>tarninia</span> <span class='ocrx_word' id='word_1_121' title='bbox 393 1947 570 1992; x_wconf 84' lang='lat' dir='ltr'>conditionem</span> <span class='ocrx_word' id='word_1_122' title='bbox 595 1959 653 1992; x_wconf 80' lang='lat' dir='ltr'>eme</span> <span class='ocrx_word' id='word_1_123' title='bbox 679 1946 790 2004; x_wconf 79' lang='lat' dir='ltr'>priorem</span> <span class='ocrx_word' id='word_1_124' title='bbox 821 1959 896 2004; x_wconf 75' lang='lat' dir='ltr'>orrum</span> <span class='ocrx_word' id='word_1_125' title='bbox 928 1946 1093 2006; x_wconf 72' lang='lat' dir='ltr'>adversario,</span> <span class='ocrx_word' id='word_1_126' title='bbox 1121 1950 1175 1991; x_wconf 86' lang='lat' dir='ltr'>turn</span> <span class='ocrx_word' id='word_1_127' title='bbox 1206 1948 1275 2004; x_wconf 86' lang='lat' dir='ltr'>quod</span> 
     </span>
    </p>
   </div>
   <div class='ocr_carea' id='block_1_9' title="bbox 259 2046 1301 3530">
    <p class='ocr_par' dir='ltr' id='par_1_9' title="bbox 264 2046 1276 2312">
     <span class='ocr_line' id='line_1_17' title="bbox 264 2046 1275 2113; baseline 0.002 -18"><span class='ocrx_word' id='word_1_128' title='bbox 264 2048 365 2095; x_wconf 79' lang='lat' dir='ltr'>nmiore</span> <span class='ocrx_word' id='word_1_129' title='bbox 386 2061 460 2104; x_wconf 85' lang='lat' dir='ltr'>quam</span> <span class='ocrx_word' id='word_1_130' title='bbox 487 2047 533 2094; x_wconf 87' lang='lat' dir='ltr'>illo</span> <span class='ocrx_word' id='word_1_131' title='bbox 561 2048 680 2104; x_wconf 80' lang='lat' dir='ltr'>aruittat,</span> <span class='ocrx_word' id='word_1_132' title='bbox 705 2061 783 2094; x_wconf 75' lang='lat' dir='ltr'>cauea</span> <span class='ocrx_word' id='word_1_133' title='bbox 809 2048 830 2093; x_wconf 81' lang='lat' dir='ltr'>ei</span> <span class='ocrx_word' id='word_1_134' title='bbox 856 2048 943 2113; x_wconf 83' lang='lat' dir='ltr'>eadat,</span> <span class='ocrx_word' id='word_1_135' title='bbox 967 2051 1019 2093; x_wconf 86' lang='lat' dir='ltr'>tum</span> <span class='ocrx_word' id='word_1_136' title='bbox 1045 2047 1110 2105; x_wconf 84' lang='lat' dir='ltr'>quod</span> <span class='ocrx_word' id='word_1_137' title='bbox 1129 2046 1275 2097; x_wconf 77' lang='lat' dir='ltr'>invidiosae</span> 
     </span>
     <span class='ocr_line' id='line_1_18' title="bbox 264 2123 1276 2212; baseline 0 -14"><span class='ocrx_word' id='word_1_138' title='bbox 264 2149 413 2197; x_wconf 74' lang='lat' dir='ltr'>certaminis</span> <span class='ocrx_word' id='word_1_139' title='bbox 437 2157 523 2207; x_wconf 73' lang='lat' dir='ltr'>partes</span> <span class='ocrx_word' id='word_1_140' title='bbox 546 2123 603 2207; x_wconf 75' lang='lat' dir='ltr'>ipre</span> <span class='ocrx_word' id='word_1_141' title='bbox 628 2156 730 2212; x_wconf 80' lang='lat' dir='ltr'>teneat,</span> <span class='ocrx_word' id='word_1_142' title='bbox 756 2132 878 2207; x_wconf 66' lang='lat' dir='ltr'>uuouiam</span> <span class='ocrx_word' id='word_1_143' title='bbox 902 2149 933 2193; x_wconf 83' lang='lat' dir='ltr'>de</span> <span class='ocrx_word' id='word_1_144' title='bbox 951 2140 1143 2196; x_wconf 55' lang='lat' dir='ltr'>intereuntibus</span> <span class='ocrx_word' id='word_1_145' title='bbox 1161 2150 1211 2197; x_wconf 81' lang='lat' dir='ltr'>eibi</span> <span class='ocrx_word' id='word_1_146' title='bbox 1234 2151 1276 2198; x_wconf 87' lang='lat' dir='ltr'>di-</span> 
     </span>
     <span class='ocr_line' id='line_1_19' title="bbox 264 2248 592 2312; baseline -0.006 -14"><span class='ocrx_word' id='word_1_147' title='bbox 264 2253 371 2298; x_wconf 88' lang='lat' dir='ltr'>cendum</span> <span class='ocrx_word' id='word_1_148' title='bbox 391 2250 426 2297; x_wconf 81' lang='lat' dir='ltr'>eit</span> <span class='ocrx_word' id='word_1_149' title='bbox 445 2251 483 2310; x_wconf 65' lang='grc' dir='ltr'>(ξ.</span> <span class='ocrx_word' id='word_1_150' title='bbox 503 2252 526 2297; x_wconf 84' lang='grc'>3.</span> <span class='ocrx_word' id='word_1_151' title='bbox 545 2248 592 2312; x_wconf 68' lang='lat' dir='ltr'>h).</span> 
     </span>
    </p>

    <p class='ocr_par' dir='ltr' id='par_1_10' title="bbox 259 2333 1301 3530">
     <span class='ocr_line' id='line_1_20' title="bbox 332 2333 1274 2418; baseline 0.005 -19"><span class='ocrx_word' id='word_1_152' title='bbox 332 2358 418 2400; x_wconf 69' lang='lat' dir='ltr'>luston</span> <span class='ocrx_word' id='word_1_153' title='bbox 441 2357 525 2399; x_wconf 87' lang='lat' dir='ltr'>autem</span> <span class='ocrx_word' id='word_1_154' title='bbox 548 2356 573 2399; x_wconf 88' lang='lat' dir='ltr'>et</span> <span class='ocrx_word' id='word_1_155' title='bbox 598 2333 764 2412; x_wconf 69' lang='lat' dir='ltr'>benigniana</span> <span class='ocrx_word' id='word_1_156' title='bbox 788 2353 916 2400; x_wconf 71' lang='lat' dir='ltr'>iudicibus</span> <span class='ocrx_word' id='word_1_157' title='bbox 941 2366 1017 2399; x_wconf 83' lang='lat' dir='ltr'>aurea</span> <span class='ocrx_word' id='word_1_158' title='bbox 1036 2352 1123 2399; x_wconf 81' lang='lat' dir='ltr'>deberi</span> <span class='ocrx_word' id='word_1_159' title='bbox 1144 2353 1193 2403; x_wconf 80' lang='lat' dir='ltr'>eibi</span> <span class='ocrx_word' id='word_1_160' title='bbox 1212 2370 1274 2418; x_wconf 90' lang='lat' dir='ltr'>pro·</span> 
     </span>
     <span class='ocr_line' id='line_1_21' title="bbox 262 2454 1278 2518; baseline 0.005 -16"><span class='ocrx_word' id='word_1_161' title='bbox 262 2459 369 2517; x_wconf 88' lang='lat' dir='ltr'>pterea,</span> <span class='ocrx_word' id='word_1_162' title='bbox 395 2455 461 2512; x_wconf 87' lang='lat' dir='ltr'>quod</span> <span class='ocrx_word' id='word_1_163' title='bbox 485 2469 541 2501; x_wconf 85' lang='lat' dir='ltr'>eum</span> <span class='ocrx_word' id='word_1_164' title='bbox 566 2454 742 2514; x_wconf 74' lang='lat' dir='ltr'>Ctesiphontis</span> <span class='ocrx_word' id='word_1_165' title='bbox 762 2469 853 2518; x_wconf 79' lang='lat' dir='ltr'>cauea,</span> <span class='ocrx_word' id='word_1_166' title='bbox 879 2469 954 2513; x_wconf 85' lang='lat' dir='ltr'>qnam</span> <span class='ocrx_word' id='word_1_167' title='bbox 974 2454 1108 2516; x_wconf 73' lang='lat' dir='ltr'>aesernini,</span> <span class='ocrx_word' id='word_1_168' title='bbox 1136 2457 1278 2507; x_wconf 85' lang='lat' dir='ltr'>coniuncta</span> 
     </span>
     <span class='ocr_line' id='line_1_22' title="bbox 263 2538 1274 2625; baseline 0.003 -21"><span class='ocrx_word' id='word_1_169' title='bbox 263 2557 298 2604; x_wconf 84' lang='lat' dir='ltr'>ait</span> <span class='ocrx_word' id='word_1_170' title='bbox 315 2557 393 2603; x_wconf 85' lang='lat' dir='ltr'>etiam</span> <span class='ocrx_word' id='word_1_171' title='bbox 412 2570 459 2602; x_wconf 80' lang='lat' dir='ltr'>sua</span> <span class='ocrx_word' id='word_1_172' title='bbox 478 2538 598 2616; x_wconf 85' lang='lat' dir='ltr'>tanquam</span> <span class='ocrx_word' id='word_1_173' title='bbox 620 2556 658 2604; x_wconf 89' lang='lat' dir='ltr'>rei</span> <span class='ocrx_word' id='word_1_174' title='bbox 680 2555 716 2618; x_wconf 66' lang='grc' dir='ltr'>(ξ.</span> <span class='ocrx_word' id='word_1_175' title='bbox 736 2559 758 2601; x_wconf 83' lang='grc'>5.</span> <span class='ocrx_word' id='word_1_176' title='bbox 776 2559 800 2602; x_wconf 87' lang='grc'>6.</span> <span class='ocrx_word' id='word_1_177' title='bbox 819 2556 863 2613; x_wconf 75' lang='grc'><strong>7.).</strong></span> <span class='ocrx_word' id='word_1_178' title='bbox 900 2558 1023 2602; x_wconf 79' lang='lat' dir='ltr'>l‘recatus</span> <span class='ocrx_word' id='word_1_179' title='bbox 1036 2539 1274 2625; x_wconf 83' lang='lat' dir='ltr'>iterumperdeoa,</span> 
     </span>
     <span class='ocr_line' id='line_1_23' title="bbox 262 2658 1275 2720; baseline 0.004 -14"><span class='ocrx_word' id='word_1_180' title='bbox 262 2663 386 2718; x_wconf 83' lang='lat' dir='ltr'>utquam</span> <span class='ocrx_word' id='word_1_181' title='bbox 406 2665 462 2707; x_wconf 88' lang='lat' dir='ltr'>tutu</span> <span class='ocrx_word' id='word_1_182' title='bbox 481 2660 535 2706; x_wconf 83' lang='lat' dir='ltr'>ritu</span> <span class='ocrx_word' id='word_1_183' title='bbox 553 2673 614 2720; x_wconf 85' lang='lat' dir='ltr'>erga</span> <span class='ocrx_word' id='word_1_184' title='bbox 632 2659 739 2718; x_wconf 89' lang='lat' dir='ltr'>patriam</span> <span class='ocrx_word' id='word_1_185' title='bbox 759 2658 965 2704; x_wconf 80' lang='lat' dir='ltr'>benevolentiam</span> <span class='ocrx_word' id='word_1_186' title='bbox 983 2658 1145 2720; x_wconf 81' lang='lat' dir='ltr'>exhibuerit,</span> <span class='ocrx_word' id='word_1_187' title='bbox 1166 2663 1275 2710; x_wconf 87' lang='lat' dir='ltr'>eandem</span> 
     </span>
     <span class='ocr_line' id='line_1_24' title="bbox 262 2727 1274 2828; baseline 0.002 -20"><span class='ocrx_word' id='word_1_188' title='bbox 262 2741 331 2808; x_wconf 74' lang='lat' dir='ltr'>aruino</span> <span class='ocrx_word' id='word_1_189' title='bbox 350 2762 398 2809; x_wconf 80' lang='lat' dir='ltr'>aihi</span> <span class='ocrx_word' id='word_1_190' title='bbox 420 2763 536 2808; x_wconf 78' lang='lat' dir='ltr'>referant</span> <span class='ocrx_word' id='word_1_191' title='bbox 555 2760 668 2820; x_wconf 78' lang='lat' dir='ltr'>iudicer,</span> <span class='ocrx_word' id='word_1_192' title='bbox 687 2727 860 2817; x_wconf 83' lang='lat' dir='ltr'>iudiciumque</span> <span class='ocrx_word' id='word_1_193' title='bbox 882 2764 910 2806; x_wconf 93' lang='lat' dir='ltr'>ut</span> <span class='ocrx_word' id='word_1_194' title='bbox 929 2761 973 2805; x_wconf 86' lang='lat' dir='ltr'>hot</span> <span class='ocrx_word' id='word_1_195' title='bbox 991 2760 1126 2805; x_wconf 83' lang='lat' dir='ltr'>honentunr</span> <span class='ocrx_word' id='word_1_196' title='bbox 1145 2774 1175 2806; x_wconf 87' lang='lat' dir='ltr'>ao</span> <span class='ocrx_word' id='word_1_197' title='bbox 1193 2763 1274 2828; x_wconf 86' lang='lat' dir='ltr'>pium,</span> 
     </span>
     <span class='ocr_line' id='line_1_25' title="bbox 261 2843 1275 2924; baseline 0.001 -13"><span class='ocrx_word' id='word_1_198' title='bbox 261 2865 291 2912; x_wconf 80' lang='lat' dir='ltr'>ati</span> <span class='ocrx_word' id='word_1_199' title='bbox 312 2878 415 2911; x_wconf 80' lang='lat' dir='ltr'>caueam</span> <span class='ocrx_word' id='word_1_200' title='bbox 436 2864 542 2924; x_wconf 76' lang='lat' dir='ltr'>propius</span> <span class='ocrx_word' id='word_1_201' title='bbox 562 2861 673 2923; x_wconf 85' lang='lat' dir='ltr'>accedit,</span> <span class='ocrx_word' id='word_1_202' title='bbox 691 2875 768 2918; x_wconf 82' lang='lat' dir='ltr'>seque</span> <span class='ocrx_word' id='word_1_203' title='bbox 786 2843 816 2904; x_wconf 88' lang='lat' dir='ltr'>ah</span> <span class='ocrx_word' id='word_1_204' title='bbox 835 2861 980 2906; x_wconf 71' lang='lat' dir='ltr'>advertarii</span> <span class='ocrx_word' id='word_1_205' title='bbox 998 2861 1137 2908; x_wconf 76' lang='lat' dir='ltr'>mendaciis</span> <span class='ocrx_word' id='word_1_206' title='bbox 1156 2869 1275 2912; x_wconf 80' lang='lat' dir='ltr'>eoactum</span> 
     </span>
     <span class='ocr_line' id='line_1_26' title="bbox 261 2961 1274 3027; baseline -0.003 -13"><span class='ocrx_word' id='word_1_207' title='bbox 261 2967 340 3016; x_wconf 85' lang='lat' dir='ltr'>etiarn</span> <span class='ocrx_word' id='word_1_208' title='bbox 354 2971 431 3013; x_wconf 78' lang='lat' dir='ltr'>extra</span> <span class='ocrx_word' id='word_1_209' title='bbox 444 2978 545 3011; x_wconf 75' lang='lat' dir='ltr'>caueam</span> <span class='ocrx_word' id='word_1_210' title='bbox 560 2963 646 3022; x_wconf 82' lang='lat' dir='ltr'>paullo</span> <span class='ocrx_word' id='word_1_211' title='bbox 659 2963 737 3008; x_wconf 74' lang='lat' dir='ltr'>tatius</span> <span class='ocrx_word' id='word_1_212' title='bbox 756 2961 842 3021; x_wconf 80' lang='lat' dir='ltr'>rogari</span> <span class='ocrx_word' id='word_1_213' title='bbox 856 2962 949 3008; x_wconf 86' lang='lat' dir='ltr'>debere</span> <span class='ocrx_word' id='word_1_214' title='bbox 968 2964 1031 3010; x_wconf 86' lang='lat' dir='ltr'>dirit</span> <span class='ocrx_word' id='word_1_215' title='bbox 1051 2963 1088 3025; x_wconf 61' lang='grc' dir='ltr'>(ξ.</span> <span class='ocrx_word' id='word_1_216' title='bbox 1108 2968 1131 3010; x_wconf 82' lang='grc'>9.</span> <span class='ocrx_word' id='word_1_217' title='bbox 1153 2966 1204 3027; x_wconf 83' lang='grc'>10).</span> <span class='ocrx_word' id='word_1_218' title='bbox 1234 2971 1274 3016; x_wconf 76' lang='lat' dir='ltr'>Aa</span> 
     </span>
     <span class='ocr_line' id='line_1_27' title="bbox 260 3038 1274 3130; baseline -0.004 -16"><span class='ocrx_word' id='word_1_219' title='bbox 260 3069 385 3130; x_wconf 83' lang='lat' dir='ltr'>priratam</span> <span class='ocrx_word' id='word_1_220' title='bbox 398 3065 500 3124; x_wconf 85' lang='lat' dir='ltr'>quidem</span> <span class='ocrx_word' id='word_1_221' title='bbox 517 3048 595 3109; x_wconf 87' lang='lat' dir='ltr'>ritam</span> <span class='ocrx_word' id='word_1_222' title='bbox 607 3064 628 3109; x_wconf 79' lang='lat' dir='ltr'>ei</span> <span class='ocrx_word' id='word_1_223' title='bbox 643 3063 720 3109; x_wconf 84' lang='lat' dir='ltr'>talem</span> <span class='ocrx_word' id='word_1_224' title='bbox 735 3063 815 3109; x_wconf 82' lang='lat' dir='ltr'>iuiaae</span> <span class='ocrx_word' id='word_1_225' title='bbox 827 3065 944 3122; x_wconf 76' lang='lat' dir='ltr'>eredunt,</span> <span class='ocrx_word' id='word_1_226' title='bbox 956 3038 1055 3123; x_wconf 85' lang='lat' dir='ltr'>qualem</span> <span class='ocrx_word' id='word_1_227' title='bbox 1064 3068 1202 3112; x_wconf 71' lang='lat' dir='ltr'>Aeschines</span> <span class='ocrx_word' id='word_1_228' title='bbox 1216 3071 1274 3116; x_wconf 83' lang='lat' dir='ltr'>ine.</span> 
     </span>
     <span class='ocr_line' id='line_1_28' title="bbox 260 3143 1273 3225; baseline -0.003 -9"><span class='ocrx_word' id='word_1_229' title='bbox 260 3170 297 3217; x_wconf 89' lang='lat' dir='ltr'>rit</span> <span class='ocrx_word' id='word_1_230' title='bbox 326 3166 477 3222; x_wconf 81' lang='lat' dir='ltr'>ementitur,</span> <span class='ocrx_word' id='word_1_231' title='bbox 507 3143 660 3224; x_wconf 69' lang='lat' dir='ltr'>erumpunt⁴</span> <span class='ocrx_word' id='word_1_232' title='bbox 680 3165 766 3212; x_wconf 83' lang='lat' dir='ltr'>atatim</span> <span class='ocrx_word' id='word_1_233' title='bbox 797 3180 874 3225; x_wconf 75' lang='lat' dir='ltr'>aeque</span> <span class='ocrx_word' id='word_1_234' title='bbox 906 3167 1092 3224; x_wconf 81' lang='lat' dir='ltr'>eundemneut;</span> <span class='ocrx_word' id='word_1_235' title='bbox 1116 3168 1157 3212; x_wconf 80' lang='lat' dir='ltr'>ain</span> <span class='ocrx_word' id='word_1_236' title='bbox 1184 3177 1273 3219; x_wconf 78' lang='lat' dir='ltr'>autern</span> 
     </span>
     <span class='ocr_line' id='line_1_29' title="bbox 260 3266 1273 3324; baseline -0.007 -7"><span class='ocrx_word' id='word_1_237' title='bbox 260 3269 406 3317; x_wconf 83' lang='lat' dir='ltr'>mendaeem</span> <span class='ocrx_word' id='word_1_238' title='bbox 432 3267 458 3309; x_wconf 88' lang='lat' dir='ltr'>iu</span> <span class='ocrx_word' id='word_1_239' title='bbox 484 3267 530 3311; x_wconf 87' lang='lat' dir='ltr'>hae</span> <span class='ocrx_word' id='word_1_240' title='bbox 558 3280 584 3315; x_wconf 86' lang='lat' dir='ltr'>re</span> <span class='ocrx_word' id='word_1_241' title='bbox 611 3266 827 3324; x_wconf 81' lang='lat' dir='ltr'>deprehenderint</span> <span class='ocrx_word' id='word_1_242' title='bbox 851 3266 1039 3324; x_wconf 80' lang='lat' dir='ltr'>adversarium,</span> <span class='ocrx_word' id='word_1_243' title='bbox 1065 3266 1138 3310; x_wconf 88' lang='lat' dir='ltr'>etiam</span> <span class='ocrx_word' id='word_1_244' title='bbox 1160 3267 1185 3311; x_wconf 86' lang='lat' dir='ltr'>in</span> <span class='ocrx_word' id='word_1_245' title='bbox 1207 3272 1273 3316; x_wconf 89' lang='lat' dir='ltr'>reti.</span> 
     </span>
     <span class='ocr_line' id='line_1_30' title="bbox 259 3363 1273 3433; baseline 0.004 -17"><span class='ocrx_word' id='word_1_246' title='bbox 259 3370 317 3433; x_wconf 81' lang='lat' dir='ltr'>quie</span> <span class='ocrx_word' id='word_1_247' title='bbox 336 3368 407 3414; x_wconf 86' lang='lat' dir='ltr'>tidem</span> <span class='ocrx_word' id='word_1_248' title='bbox 426 3366 449 3412; x_wconf 91' lang='lat' dir='ltr'>ei</span> <span class='ocrx_word' id='word_1_249' title='bbox 470 3381 502 3413; x_wconf 86' lang='lat' dir='ltr'>ne</span> <span class='ocrx_word' id='word_1_250' title='bbox 520 3367 640 3418; x_wconf 82' lang='lat' dir='ltr'>habeant..</span> <span class='ocrx_word' id='word_1_251' title='bbox 656 3392 660 3396; x_wconf 91' lang='lat'><em>-</em></span> <span class='ocrx_word' id='word_1_252' title='bbox 678 3370 730 3416; x_wconf 82' lang='lat' dir='ltr'>Nee</span> <span class='ocrx_word' id='word_1_253' title='bbox 750 3377 834 3416; x_wconf 88' lang='lat' dir='ltr'>tamen</span> <span class='ocrx_word' id='word_1_254' title='bbox 854 3371 923 3427; x_wconf 80' lang='lat' dir='ltr'>iore,</span> <span class='ocrx_word' id='word_1_255' title='bbox 944 3371 970 3412; x_wconf 89' lang='lat' dir='ltr'>ut</span> <span class='ocrx_word' id='word_1_256' title='bbox 989 3363 1123 3413; x_wconf 80' lang='lat' dir='ltr'>deachinir&#39;</span> <span class='ocrx_word' id='word_1_257' title='bbox 1142 3372 1273 3424; x_wconf 71' lang='lat' dir='ltr'>convicii·</span> 
     </span>
     <span class='ocr_line' id='line_1_31' title="bbox 259 3467 1301 3530; baseline 0.006 -14"><span class='ocrx_word' id='word_1_258' title='bbox 259 3472 384 3527; x_wconf 75' lang='lat' dir='ltr'>abreptus</span> <span class='ocrx_word' id='word_1_259' title='bbox 408 3469 440 3514; x_wconf 92' lang='lat' dir='ltr'>ad</span> <span class='ocrx_word' id='word_1_260' title='bbox 464 3471 552 3516; x_wconf 87' lang='lat' dir='ltr'>eadem</span> <span class='ocrx_word' id='word_1_261' title='bbox 577 3471 721 3530; x_wconf 84' lang='lat' dir='ltr'>regerenda</span> <span class='ocrx_word' id='word_1_262' title='bbox 747 3485 774 3516; x_wconf 81' lang='lat' dir='ltr'>re</span> <span class='ocrx_word' id='word_1_263' title='bbox 800 3484 867 3516; x_wconf 88' lang='lat' dir='ltr'>nunc</span> <span class='ocrx_word' id='word_1_264' title='bbox 893 3470 1012 3515; x_wconf 82' lang='lat' dir='ltr'>conterat</span> <span class='ocrx_word' id='word_1_265' title='bbox 1035 3467 1165 3527; x_wconf 75' lang='lat' dir='ltr'>conripia3</span> <span class='ocrx_word' id='word_1_266' title='bbox 1192 3472 1272 3522; x_wconf 85' lang='lat' dir='ltr'>innuo</span> <span class='ocrx_word' id='word_1_267' title='bbox 1298 3488 1301 3494; x_wconf 87' lang='lat'><strong>·</strong></span> 
     </span>
    </p>
   </div>
   <div class='ocr_carea' id='block_1_10' title="bbox 258 3571 1272 3735">
    <p class='ocr_par' dir='ltr' id='par_1_11' title="bbox 258 3571 1272 3735">
     <span class='ocr_line' id='line_1_32' title="bbox 258 3571 1272 3632; baseline 0.003 -14"><span class='ocrx_word' id='word_1_268' title='bbox 258 3585 321 3618; x_wconf 79' lang='lat' dir='ltr'>vero</span> <span class='ocrx_word' id='word_1_269' title='bbox 340 3571 370 3617; x_wconf 89' lang='lat' dir='ltr'>de</span> <span class='ocrx_word' id='word_1_270' title='bbox 389 3571 466 3617; x_wconf 82' lang='lat' dir='ltr'>rebue</span> <span class='ocrx_word' id='word_1_271' title='bbox 484 3572 584 3631; x_wconf 84' lang='lat' dir='ltr'>publice</span> <span class='ocrx_word' id='word_1_272' title='bbox 603 3586 618 3618; x_wconf 85' lang='lat' dir='ltr'>a</span> <span class='ocrx_word' id='word_1_273' title='bbox 636 3586 663 3618; x_wconf 82' lang='lat' dir='ltr'>ae</span> <span class='ocrx_word' id='word_1_274' title='bbox 681 3572 762 3632; x_wconf 77' lang='lat' dir='ltr'>gestie</span> <span class='ocrx_word' id='word_1_275' title='bbox 780 3584 807 3617; x_wconf 81' lang='lat' dir='ltr'>ee</span> <span class='ocrx_word' id='word_1_276' title='bbox 825 3571 899 3630; x_wconf 80' lang='lat' dir='ltr'>priua</span> <span class='ocrx_word' id='word_1_277' title='bbox 919 3575 1036 3617; x_wconf 81' lang='lat' dir='ltr'>acturum</span> <span class='ocrx_word' id='word_1_278' title='bbox 1056 3584 1133 3627; x_wconf 90' lang='lat' dir='ltr'>quum</span> <span class='ocrx_word' id='word_1_279' title='bbox 1157 3574 1272 3624; x_wconf 76' lang='lat' dir='ltr'>maxime</span> 
     </span>
     <span class='ocr_line' id='line_1_33' title="bbox 258 3671 441 3735; baseline 0.011 -15"><span class='ocrx_word' id='word_1_280' title='bbox 258 3671 294 3735; x_wconf 66' lang='lat' dir='ltr'>(d.</span> <span class='ocrx_word' id='word_1_281' title='bbox 315 3674 354 3720; x_wconf 89' lang='lat' dir='ltr'>lt.</span> <span class='ocrx_word' id='word_1_282' title='bbox 378 3673 441 3732; x_wconf 72' lang='lat'>12).</span> 
     </span>
    </p>
   </div>
   <div class='ocr_carea' id='block_1_11' title="bbox 261 3781 1270 3885">
    <p class='ocr_par' dir='ltr' id='par_1_12' title="bbox 261 3781 1270 3885">
     <span class='ocr_line' id='line_1_34' title="bbox 261 3781 1270 3885; baseline 0.004 -28"><span class='ocrx_word' id='word_1_283' title='bbox 261 3861 264 3867; x_wconf 59' lang='grc'><strong>,</strong></span> <span class='ocrx_word' id='word_1_284' title='bbox 327 3812 378 3857; x_wconf 85' lang='lat' dir='ltr'>iem</span> <span class='ocrx_word' id='word_1_285' title='bbox 398 3812 455 3856; x_wconf 85' lang='lat' dir='ltr'>erat</span> <span class='ocrx_word' id='word_1_286' title='bbox 472 3781 612 3885; x_wconf 80' lang='lat' dir='ltr'>reliquum,</span> <span class='ocrx_word' id='word_1_287' title='bbox 629 3813 675 3869; x_wconf 87' lang='lat' dir='ltr'>ut,</span> <span class='ocrx_word' id='word_1_288' title='bbox 695 3811 844 3869; x_wconf 74' lang='lat' dir='ltr'>priusquam</span> <span class='ocrx_word' id='word_1_289' title='bbox 866 3809 891 3855; x_wconf 92' lang='lat' dir='ltr'>in</span> <span class='ocrx_word' id='word_1_290' title='bbox 918 3807 1093 3857; x_wconf 69' lang='lat' dir='ltr'>detentionem</span> <span class='ocrx_word' id='word_1_291' title='bbox 1119 3810 1270 3871; x_wconf 74' lang='lat' dir='ltr'>ingredere-</span> 
     </span>
    </p>
   </div>
   <div class='ocr_carea' id='block_1_12' title="bbox 256 3911 1313 3974">
    <p class='ocr_par' dir='ltr' id='par_1_13' title="bbox 256 3911 1313 3974">
     <span class='ocr_line' id='line_1_35' title="bbox 256 3911 1313 3974; baseline 0.004 -14"><span class='ocrx_word' id='word_1_292' title='bbox 256 3916 299 3962; x_wconf 89' lang='lat' dir='ltr'>tur</span> <span class='ocrx_word' id='word_1_293' title='bbox 319 3913 416 3974; x_wconf 82' lang='lat' dir='ltr'>ipaam,</span> <span class='ocrx_word' id='word_1_294' title='bbox 434 3911 875 3972; x_wconf 47' lang='lat' dir='ltr'>erinrirratiorrurn,rirn*explicaret</span> <span class='ocrx_word' id='word_1_295' title='bbox 893 3918 967 3974; x_wconf 83' lang='lat' dir='ltr'>atque</span> <span class='ocrx_word' id='word_1_296' title='bbox 984 3911 1137 3960; x_wconf 78' lang='lat' dir='ltr'>cuttailittm:</span> <span class='ocrx_word' id='word_1_297' title='bbox 1154 3913 1179 3959; x_wconf 85' lang='lat' dir='ltr'>id</span> <span class='ocrx_word' id='word_1_298' title='bbox 1202 3918 1270 3971; x_wconf 89' lang='lat' dir='ltr'>quod</span> <span class='ocrx_word' id='word_1_299' title='bbox 1309 3960 1313 3966; x_wconf 83' lang='grc'>.</span> 
     </span>
    </p>
   </div>
   <div class='ocr_carea' id='block_1_13' title="bbox 256 4001 890 4074">
    <p class='ocr_par' dir='ltr' id='par_1_14' title="bbox 256 4001 890 4074">
     <span class='ocr_line' id='line_1_36' title="bbox 256 4001 890 4074; baseline -0.003 -10"><span class='ocrx_word' id='word_1_300' title='bbox 256 4015 322 4064; x_wconf 83' lang='lat' dir='ltr'>teeit</span> <span class='ocrx_word' id='word_1_301' title='bbox 339 4015 386 4062; x_wconf 87' lang='lat' dir='ltr'>hoe</span> <span class='ocrx_word' id='word_1_302' title='bbox 403 4014 461 4074; x_wconf 80' lang='lat' dir='ltr'>ipro</span> <span class='ocrx_word' id='word_1_303' title='bbox 481 4014 539 4060; x_wconf 84' lang='lat' dir='ltr'>ioco</span> <span class='ocrx_word' id='word_1_304' title='bbox 555 4016 579 4074; x_wconf 56' lang='grc' dir='ltr'>ᾗ.</span> <span class='ocrx_word' id='word_1_305' title='bbox 600 4001 645 4071; x_wconf 66' lang='lat' dir='ltr'>ia,</span> <span class='ocrx_word' id='word_1_306' title='bbox 664 4014 695 4060; x_wconf 87' lang='lat' dir='ltr'>de</span> <span class='ocrx_word' id='word_1_307' title='bbox 717 4029 767 4073; x_wconf 83' lang='lat' dir='ltr'>quo</span> <span class='ocrx_word' id='word_1_308' title='bbox 786 4014 819 4061; x_wconf 79' lang='lat' dir='ltr'>liu</span> <span class='ocrx_word' id='word_1_309' title='bbox 843 4020 890 4062; x_wconf 83' lang='lat' dir='ltr'>eat.</span> 
     </span>
    </p>
   </div>
   <div class='ocr_carea' id='block_1_14' title="bbox 296 4110 1270 4197">
    <p class='ocr_par' dir='ltr' id='par_1_15' title="bbox 296 4110 1270 4197">
     <span class='ocr_line' id='line_1_37' title="bbox 296 4110 1270 4197; baseline 0 -15"><span class='ocrx_word' id='word_1_310' title='bbox 296 4161 299 4167; x_wconf 82' lang='lat'>·</span> <span class='ocrx_word' id='word_1_311' title='bbox 327 4133 457 4182; x_wconf 81' lang='lat' dir='ltr'>Nimirum</span> <span class='ocrx_word' id='word_1_312' title='bbox 479 4133 521 4191; x_wconf 83' lang='lat' dir='ltr'>qui</span> <span class='ocrx_word' id='word_1_313' title='bbox 545 4132 656 4180; x_wconf 80' lang='lat' dir='ltr'>alterum</span> <span class='ocrx_word' id='word_1_314' title='bbox 682 4110 801 4197; x_wconf 75' lang='lat' dir='ltr'>eueniat,</span> <span class='ocrx_word' id='word_1_315' title='bbox 826 4136 903 4182; x_wconf 81' lang='lat' dir='ltr'>etiarn</span> <span class='ocrx_word' id='word_1_316' title='bbox 927 4134 948 4180; x_wconf 80' lang='lat' dir='ltr'>ei</span> <span class='ocrx_word' id='word_1_317' title='bbox 975 4133 1078 4180; x_wconf 82' lang='lat' dir='ltr'>minime</span> <span class='ocrx_word' id='word_1_318' title='bbox 1107 4132 1222 4182; x_wconf 72' lang='lat' dir='ltr'>veritati·</span> <span class='ocrx_word' id='word_1_319' title='bbox 1245 4138 1270 4182; x_wconf 87' lang='lat' dir='ltr'>et</span> 
     </span>
    </p>
   </div>
   <div class='ocr_carea' id='block_1_15' title="bbox 0 0 1538 5056">
    <p class='ocr_par' dir='ltr' id='par_1_16' title="bbox 0 0 1538 5056">
     <span class='ocr_line' id='line_1_38' title="bbox 0 0 1538 5056; baseline 0 4"><span class='ocrx_word' id='word_1_320' title='bbox 0 0 1538 5056; x_wconf 95' lang='lat' dir='ltr'> </span> 
     </span>
    </p>
   </div>
  </div>
 </body>
</html>
