3066 5056
1159 328 1223 390 203

215 502 316 566 patriae
333 482 430 575 aurore,
449 500 494 549 red
513 490 624 547 maxime
642 495 740 545 invidia
758 497 850 546 doctor
868 501 894 545 et
911 497 1050 547 inimicitia
1072 514 1142 545 rcum
1162 500 1227 561 agit,

215 606 264 654 boc
281 620 363 653 unum
384 606 455 652 certe
472 604 574 650 eltlcere
592 601 680 647 rtodet
699 598 849 673 praecipue,
869 606 897 648 ut
917 609 1001 660 poena
1018 596 1078 647 reor
1098 601 1227 658 plectatur

214 706 434 769 graviaaima,ssea
454 705 546 751 uallem
556 736 564 762 ,
581 715 647 761 quae
670 700 704 748 rit
722 704 892 758 exaequanda
909 702 1031 751 eriminiu
1046 704 1177 763 grauitati.

283 806 361 867 Atqui
387 807 476 869 (liceat
493 803 562 851 enim
583 803 725 862 paullisper
743 802 856 853 oratorio
875 818 951 863 agere
970 802 1119 866 personam)
1138 804 1227 851 crinri.

215 921 250 956 nu
270 909 308 956 tot
332 907 361 955 in
385 922 426 955 me
451 905 565 954 coniecit
587 908 611 950 et
629 903 657 950 iu
676 903 708 949 iia
726 902 855 950 rrorruulln
874 910 965 963 tanta,
992 921 1038 962 pro
1056 907 1146 964 quibua
1164 907 1227 953 eici·

215 1009 264 1058 tati
282 1023 316 1058 ex
329 1010 429 1069 legibut
441 1021 541 1056 summa
556 1011 581 1053 et
601 989 722 1052 extrema
740 1005 898 1050 deberentur·
915 1006 1052 1063 supplicia.
1088 1007 1161 1060 Quod
1181 1022 1228 1053 on-

216 1108 267 1158 tanr
281 1111 308 1158 in
332 1111 381 1157 boe
399 1109 542 1158 certamine
559 1108 626 1154 banc
639 1101 666 1166 i)
685 1105 789 1152 eorrailii
806 1104 871 1152 uiam
898 1107 1054 1167 ingreditur,
1076 1110 1120 1154 boc
1140 1108 1230 1168 proott

216 1202 316 1260 inimici
340 1213 506 1260 acerbitatem
529 1211 559 1256 ‘et
576 1207 738 1269 superbiam,
767 1211 899 1266 totumquo
916 1210 980 1254 crater
998 1209 1028 1255 ud
1051 1222 1090 1255 me
1109 1210 1229 1268 prosein-

216 1314 327 1365 dendum
351 1312 475 1364 conviciir
500 1325 531 1359 ac
555 1307 752 1370 proliciendom.
796 1312 849 1357 Nec
868 1311 953 1356 tomen
974 1312 1050 1371 tacit,
1071 1311 1136 1369 quod
1153 1325 1230 1358 uoco·

217 1420 342 1481 autorem,
361 1415 478 1476 quamvis
496 1414 636 1470 acerbum,
657 1412 744 1458 lacere
762 1416 874 1471 oportet.
907 1384 1072 1459 'Crinrinatoc
1095 1415 1163 1460 enirn
1182 1414 1230 1475 ita,

216 1523 259 1584 ut,
278 1494 383 1575 etiamai
398 1517 510 1566 erimina
527 1519 614 1563 esaent
632 1526 705 1575 vero,
727 1527 772 1572 per
790 1514 924 1560 Aeaebirrir
944 1519 1028 1562 tamen
1042 1518 1232 1566 accusationem

218 1587 374 1682 auppliclum
393 1621 425 1667 de
443 1632 483 1665 me
505 1617 612 1676 dignum
631 1616 676 1661 aut
694 1617 762 1662 certe
780 1615 858 1675 digno
880 1616 1023 1674 proximum
1043 1592 1146 1665 uomere
1164 1620 1230 1677 reip.

218 1737 272 1771 non
294 1724 387 1772 liceret
407 1718 469 1786 (coir
487 1717 576 1783 μέντοι
594 1741 627 1750 -
646 1708 739 1779 Irrue).
765 1696 847 1763 'Nora
874 1717 1029 1776 supplicium
1055 1719 1085 1765 de
1104 1735 1143 1767 ure
1164 1722 1232 1767 aurni

220 1824 243 1873 ιί
265 1824 368 1889 voluit,
392 1808 451 1873 non
468 1817 558 1868 debuit
582 1819 684 1878 privare
709 1831 749 1864 rue
774 1818 831 1863 iure
851 1818 880 1864 ad
903 1819 1025 1880 populum
1050 1821 1187 1867 accedendi
1207 1818 1233 1869 et

221 1928 289 1988 apud
314 1940 370 1974 eum
397 1917 548 1984 perorandi.
590 1921 645 1966 lloc
668 1933 728 1967 vero
754 1918 836 1978 iprum
862 1919 899 1966 ita
924 1921 1009 1966 iacere
1032 1922 1156 1970 instituit.
1191 1904 1235 1970 lile

221 2027 288 2075 enim
313 2027 436 2095 iucuaanr
461 2037 534 2071 reum
559 2022 613 2082 agit
631 2036 682 2068 non
702 2035 754 2080 roe,
773 2020 816 2067 aed
836 2021 1041 2080 Cteaiplrontcm.
1077 2024 1192 2073 lam'rea
1212 2025 1234 2072 ai

220 2129 332 2190 peaaime
355 2126 487 2184 evenerit,
509 2124 533 2172 ai
557 2122 682 2170 ceciderit
705 2135 784 2168 cuora
809 2122 966 2186 Gteaiplron,
991 2139 1042 2182 qua
1062 2142 1109 2186 ego
1133 2142 1161 2174 re
1180 2127 1235 2185 pri·

222 2229 320 2277 rabort
346 2252 379 2262 -
415 2229 518 2274 Corona
544 2221 644 2272 reilicct
670 2227 695 2270 et
719 2222 921 2270 bononica-
956 2224 1030 2272 Eune
1054 2198 1131 2286 digna
1153 2240 1237 2285 poena

222 2330 277 2378 erit
295 2327 456 2391 publicarum
476 2323 652 2379 calamitatum
671 2328 786 2386 auctore,
804 2324 905 2382 qualern
924 2339 963 2372 me
978 2326 1040 2374 dicit
1059 2326 1237 2392 erre-nesciri-

224 2433 288 2480 neai
305 2455 340 2467 -
374 2431 437 2478 Non*
459 2424 591 2487 prolecto!
615 2425 664 2474 boe
685 2426 760 2473 modo
778 2424 843 2486 reip.
864 2440 916 2472 uon
939 2429 1056 2491 ratisfiet,
1077 2424 1135 2477 οὐδ’
1155 2425 1237 2494 ἐγγύς.

207 2534 277 2583 *Nee
300 2535 387 2580 tamen
409 2529 431 2578 ai
454 2543 515 2576 vere
539 2526 738 2589 criminaretur,
763 2507 915 2585 potestatem
940 2531 988 2579 boc
1006 2531 1146 2579 certamine
1164 2531 1237 2581 vobit

224 2636 324 2684 iaceret
349 2631 492 2681 lteacbinea
515 2644 555 2678 me
580 2629 715 2691 puniendi.
743 2654 774 2662 -
817 2629 931 2683 Quidni.²
956 2657 988 2668 -
1030 2614 1098 2688 Quia
1121 2635 1237 2682 damnari

224 2750 274 2798 pro
292 2702 432 2796 acelerunr,
452 2745 534 2794 quae,
552 2731 574 2779 ai
594 2730 643 2778 tii·
663 2730 757 2791 placet,
777 2735 889 2794 auroepi,
907 2733 1083 2792 magnitudine
1107 2750 1160 2782 non
1178 2749 1240 2795 pou.

226 2853 299 2901 aum,
317 2836 368 2884 uiui
388 2840 450 2884 ante
467 2847 571 2882 cautam
589 2832 681 2901 dixero
702 2845 731 2878 ac
751 2831 865 2891 legitime
884 2832 933 2878 mci
952 2833 1074 2881 inatitulo
1098 2836 1179 2884 luerit
1197 2853 1240 2885 oe·

229 2939 349 3001 curatio,
366 2937 433 2999 quod
450 2950 483 2982 ne
501 2936 591 2996 fieret,
610 2934 730 2981 eonaulto
749 2932 805 2993 ipae
823 2933 953 2981 eoruruiait
972 2937 1122 2984 Aerclrinea.
1158 2940 1240 2987 Aecu-

227 3041 356 3091 rationem
384 3039 494 3086 debebat
522 3037 595 3097 aequi
625 3035 759 3093 detentio,
799 3034 978 3083 detentionem
1008 3037 1134 3085 iudicium
1163 3045 1252 3100 atque-

208 3110 371 3193 Ι(Ῑιιιιῃηιῐίο.
413 3127 653 3211 Damnareautem
678 3151 717 3183 me
740 3150 792 3183 rron
817 3135 888 3184 licet.
932 3140 1022 3196 Neque
1045 3141 1112 3186 enim
1139 3142 1178 3188 far
1203 3147 1243 3191 eat

229 3243 327 3304 privari
350 3256 391 3290 me
414 3241 472 3288 iore
495 3240 544 3287 illo
564 3238 709 3300 prodeundi
733 3239 765 3285 atl
793 3240 914 3298 populum
939 3240 996 3287 rive
1014 3242 1046 3288 a‘d
1066 3241 1164 3290 iudicer
1183 3257 1243 3292 cau.

230 3323 424 3404 uanique-apud
439 3356 485 3389 eoa
503 3342 607 3388 dicendi
634 3333 677 3402 (οἰ
698 3331 726 3404 71¹
732 3357 747 3407 ρ
769 3336 944 3405 ἀφαιρεῖσθαι
961 3320 998 3392 dai
1015 3368 1048 3379 —
1064 3347 1177 3415 cuprio),
1197 3361 1244 3396 uec

232 3459 309 3504 vero,
333 3442 449 3501 quamuia
472 3440 639 3489 calomniator
663 3439 699 3488 air
726 3444 801 3500 atqua
829 3443 944 3506 incidua,
962 3444 998 3492 itu
1021 3444 1067 3491 tibi
1086 3460 1165 3506 agere
1183 3448 1246 3498 licet

234 3537 306 3610 (οὐδ’
328 3541 354 3591 ἐν
377 3540 494 3609 ἐπηρείας
518 3567 544 3578 -
568 3545 672 3600 ποιεῖν).
717 3543 809 3590 llilete
834 3557 911 3606 ergo,
936 3559 1036 3602 qrruna
1059 3548 1190 3597 calumnia
1214 3551 1246 3599 de

234 3709 436 3728 m

288 3833 316 3898 ⁰)
335 3835 391 3881 Hoc
416 3831 490 3877 modo
516 3832 538 3878 ai
560 3832 730 3892 interpretare
755 3838 831 3882 verba
855 3831 871 3896 ἡ
899 3838 1048 3904 προαίρεσις
1066 3837 1144 3903 αὕτη,
1163 3836 1270 3901 ψιειηὶ

340 3900 475 3948 admodum
493 3900 557 3958 tegit
578 3904 757 3959 Bellerua,
778 3919 831 3950 oron
851 3905 902 3951 ecit
920 3921 994 3964 opus,
1017 3914 1045 3954 ot
1064 3924 1120 3955 conr
1145 3913 1251 3969 lldpe-

341 3969 441 4014 (lenio
466 3980 572 4014 revocer
596 3971 726 4030 volgatum
752 3966 826 4031 αὖιὴ.
863 3975 1050 4020 llernostlicoeu
1073 3970 1140 4023 enim
1159 3993 1278 4036 repre·.

342 4037 432 4084 lrendit
459 4035 628 4104 Aeschinem,
656 4039 721 4093 ouorl
746 4040 817 4084 litent
838 4042 1000 4098 Cteaiplronti
1019 4044 1065 4089 boo
1089 4046 1252 4103 potissimum

344 4104 457 4158 concilii)
481 4109 520 4151 et,
536 4105 582 4150 buc
607 4107 707 4152 ratione
731 4107 888 4167 internlecit,
908 4123 982 4164 ouum
1001 4124 1094 4158 revera
1111 4115 1252 4161 Aeschines

344 4170 461 4237 adhibuit
480 4172 602 4233 colorque
621 4174 746 4222 malitiam
765 4180 854 4223 orator
872 4175 998 4236 iudiciboa
1021 4181 1187 4242 expositura·
1207 4189 1253 4232 eat.
