3066 5056
279 331 304 395 ί
539 328 542 337 “
609 321 969 390 nnmoswnnms

280 497 560 592 άναγορινθῆναι
584 520 646 564 τον
628 497 902 584 ’Δημοσθίνους
923 490 987 564 τόν
1009 491 1224 589 στίφαυον.
1209 521 1229 563 ο
1254 496 1292 563 δί

282 606 395 692 τρίτος
417 597 523 685 νόμος
544 603 590 676 είς
614 592 678 678 τὴν
694 591 816 677 ὅλην
801 597 868 682 ορᾷ
883 618 946 663 του
929 597 1040 681 βίον
1063 597 1119 664 καὶ
1143 597 1205 678 τῆς
1228 619 1294 663 πο·
1325 660 1328 665 .

282 705 405 779 λιτείας
428 698 589 780 ίξίτασιν
623 692 744 764 κελεύει
773 689 838 780 γάρ
861 696 1024 781 μηδίποτε
1052 697 1164 788 ψευδῆ
1187 692 1296 782 γράμ·

282 825 377 891 ματα
400 803 447 877 είς
470 793 509 864 τό
535 798 707 884 Μητρῷον
738 791 894 878 είςάγειν,
926 795 1018 861 ίνθα
1048 796 1137 869 ίστὶν
1160 789 1225 860 ὅλα
1250 788 1295 861 τά

283 896 429 1017 δημόσιμ
451 892 645 983 γράμματα
669 890 836 986 ἐψεύσατο
862 893 913 972 δί,
937 896 1055 984 φησίν,
1079 887 1213 960 εύνοιαν
1236 888 1296 961 καί

281 993 435 1080 σπουδὴν
463 991 679 1084 μαρτυρήσας
712 995 758 1077 τῷ
784 993 944 1078 Δημοσθί
930 998 1009 1060 ί·νιι
1041 988 1204 1069 κακόνους
1228 989 1295 1080 γάρ

275 1101 416 1216 ,μᾶλλον
442 1098 499 1162 καί
528 1097 683 1179 πολέμιος
718 1088 900 1180 εὑρίσκεται
923 1093 963 1184 τῇ
989 1094 1135 1178 πατριδι.
1168 1089 1297 1159 τούτου

286 1200 348 1266 τοῦ
375 1189 480 1281 νόμον
500 1197 667 1280 χρησίμου
691 1189 933 1309 τυγχάνοντος,
970 1192 1030 1258 τοῦ
1064 1193 1178 1278 τρίτου
1202 1189 1300 1258 άντι·

285 1292 487 1383 λαβόμενος,
519 1289 626 1378 άςπερ
659 1286 750 1370 τινὸς
773 1288 958 1379 άγκύρας,
970 1286 989 1356 6
1015 1285 1126 1412 ῥήτωρ
1151 1286 1300 1357 κατεπά·

285 1399 379 1465 λαισί
398 1387 460 1460 τὸν
486 1387 673 1472 ἀντίδικον,
706 1385 844 1509 μεθόδῳ
868 1383 1041 1482 δεινοτάτη
1065 1391 1123 1456 καί
1146 1387 1303 1481 σοφωτά·

188 1494 190 1500 ’
286 1517 329 1588 τη
352 1495 404 1588 τῇ
420 1493 495 1581 περὶ
517 1492 580 1558 τοῦ
604 1485 793 1578 κατηγόρου
812 1483 1037 1578 χρησάμενος·
1074 1491 1205 1555 ἐκεῖθεν
1230 1484 1298 1574 γάρ

287 1597 359 1680 ίσχτ
375 1562 495 1676 λαβὴν
517 1593 601 1657 ἑλεῖν
625 1590 682 1655 καὶ
713 1588 1012 1672 καταγωνίσασθαι
1036 1582 1097 1654 τὸν
1120 1590 1299 1704 πολέμιον·

287 1687 369 1771 τούς
390 1691 453 1778 μίν
475 1683 541 1777 γάρ
565 1682 688 1766 ἄλλους
712 1682 774 1756 δύο
798 1682 938 1771 νόμους,
957 1681 1023 1753 τόν
1047 1709 1083 1752 τε
1107 1688 1175 1753 τῶν
1199 1682 1302 1753 ὑπευ-

288 1788 428 1872 θύνων,
461 1782 602 1856 καὶτὸν
627 1787 689 1854 τού
712 1780 941 1874 κηρύγματος,
975 1790 1021 1862 είς
1046 1781 1086 1851 τό
1108 1791 1210 1871 μέσον
1235 1787 1300 1852 τού

289 1887 392 1974 λόγου
416 1885 466 1955 άπ
466 1883 583 1977 ἐρῥιφτ
615 1883 857 1971 στρατηγικῶς,
891 1877 1016 1962 κακούς
1049 1880 1081 1951 δ’
1120 1888 1166 1961 είς
1196 1889 1300 1970 μέσον
1328 1935 1334 1943 .

286 1985 418 2062 ἐλάσας
444 1987 491 2068 τῷ
516 1984 551 2049 δὲ
577 1978 783 2072 ίσχυροτάτῳ
807 1987 852 2060 είς
875 1977 918 2047 τά
943 1975 1033 2072 άκρα
1049 1987 1169 2070 προςκί
1166 2007 1301 2074 χρηται,

286 2081 327 2153 τὸ
335 2076 497 2170 σαθρὸν
529 2082 599 2149 τῶν
627 2075 738 2148 ἄλλων
768 2077 803 2160 ἐξ
834 2083 990 2168 ἐκατέρου
1031 2078 1175 2171 ῥωννύς·
1214 2086 1301 2151 ἔοικε

287 2184 406 2253 δὲκαὶ
436 2184 571 2249 διοικεῖν
600 2175 685 2267 πρὸς
715 2173 754 2247 τὸ
786 2185 958 2271 συμφέρον
991 2175 1051 2247 τόν
1085 2178 1206 2266 λόγον,
1238 2185 1299 2250 καὶ

287 2280 328 2352 ού
352 2279 485 2375 σφόδρα
515 2277 663 2357 ἀναιδῶς
694 2274 757 2360 τὴν
788 2283 905 2365 τέχνην
928 2277 1206 2366 ἐπιδεικνύμενος
1240 2282 1301 2348 δο·

185 2438 188 2443 .
287 2385 355 2451 κῶν
378 2376 443 2470 γάρ
470 2386 507 2447 ἐν
531 2373 676 2468 πράτοις
699 2375 910 2467 ὑπερβαίνειν
939 2373 977 2447 τό
1003 2375 1167 2499 νόμιμον,
1198 2380 1248 2447 ίτί
1233 2385 1300 2471 ίρῳ

188 2515 194 2526 ³
288 2476 403 2571 τρόπῳ
443 2481 490 2564 τῷ
536 2481 664 2564 νομίμῳ
703 2481 957 2578 πρσςκίχρηται·
997 2481 1055 2545 καί
1082 2474 1160 2568 γάρ
1192 2475 1302 2566 νόμον

287 2579 413 2666 άνίγνιι
449 2573 613 2663 Αίσχίνης
647 2571 708 2643 τόν
747 2579 822 2696 περὶ
863 2579 931 2644 τῶν
957 2573 1141 2696 στεφάνων
1172 2583 1301 2671 ψευδῆ·
1342 2641 1344 2645 ,

133 2696 137 2706 ’
264 2674 374 2768 ,πρὸς
398 2671 482 2746 δνό
513 2671 624 2766 ῥήτωρ
647 2671 906 2764 ὑποκρινόμενος
937 2666 1011 2765 εὗρε
1031 2671 1151 2766 καιρόν
1173 2683 1220 2756 είς
1242 2687 1302 2766 μί-

286 2801 349 2847 σου
373 2774 512 2862 άγαγειν
536 2770 579 2842 τά
603 2777 724 2842 ἑαυτοῦ
750 2772 995 2862 πολιτεύματα,
1019 2770 1063 2855 ὡς
1086 2781 1214 2892 νομίμῳ
1233 2805 1303 2866 μα-

284 2873 435 2966 χόμενος.
461 2877 518 2944 καί
541 2871 564 2957 6
586 2877 649 2960 μίν
667 2877 834 2957 διοίκησις
858 2879 919 2943 τοῦ
944 2870 1045 2962 λόγου
1071 2874 1222 2959 τοιαύτη.
1247 2904 1303 2947 κε-

286 2975 469 3093 φύλαιον
466 2977 501 3047 δὲ
533 2968 669 3061 ίσχυρόν
702 2974 750 3058 τῷ
789 2975 852 3061 μὲν
884 2977 1025 3068 Αίσχίνη
1061 2970 1100 3042 τό
1136 2972 1301 3102 νόμιμον,
1343 3059 1345 3064 Ι

287 3077 335 3160 τῷ
366 3069 443 3143 δὲ
427 3069 546 3164 ρὴτορι
569 3067 608 3139 τό
640 3074 780 3139 δίκαιον.
812 3069 929 3141 κοινόν
960 3071 1046 3140 66
1025 3069 1094 3140 ααό
1129 3079 1189 3143 τοῦ
1222 3076 1300 3147 ίσου

286 3169 327 3242 τδ
351 3180 580 3264 συμφίρον,ο
561 3167 623 3238 ούκ
645 3173 723 3257 ίχου
748 3166 900 3262 φανεράν
923 3168 985 3254 τὴν
1003 3171 1198 3253 ἐξέτασιν.
1182 3177 1303 3257 ηστά-

201 3276 268 3344 225
287 3295 339 3352 σις
372 3275 539 3386 ίίγγραφος
562 3266 791 3360 πραγματική·
824 3273 899 3359 περὶ
923 3267 1038 3364 ῥητοῦ
1060 3269 1127 3361 γάρ
1161 3271 1200 3341 τό
1228 3276 1301 3368 φή-

285 3394 406 3467 φισμα.
440 3372 500 3452 τῆς
531 3369 566 3436 δὲ
598 3370 732 3461 γραφῆς
760 3371 809 3443 ίτι
837 3372 1007 3439 Φιλίππου
1032 3370 1198 3454 ζῶντος’
1179 3399 1303 3445 αποτε-

200 3484 203 3489 “
284 3475 420 3553 θιίσης,
454 3470 508 3537 ἐπὶ
533 3462 748 3557 Ἀλεξάνδρου
775 3468 1011 3557 διαδεξαμένου
1039 3466 1103 3554 τὴν
1132 3468 1241 3559 άρχην
1261 3473 1297 3545 6

285 3567 387 3656 λόγος
411 3569 479 3634 ἐστί
503 3570 559 3633 καί
585 3565 607 3648 6
633 3571 754 3654 κρίσις’
779 3563 825 3645 ὡς
846 3564 913 3656 γάρ
937 3567 1092 3638 άπίθανε
1119 3573 1299 3657 Φίλιππος,

285 3671 342 3736 καὶ
366 3661 428 3750 τὴν
453 3661 609 3756 φρουράν
633 3672 666 3732 οί
693 3669 837 3755 Θηβαῖοι
861 3666 1110 3757 τεθαρσηκότες
1132 3671 1178 3752 ίξί
1178 3674 1240 3757 βαί
1236 3699 1297 3756 ον,

281 3762 302 3835 6
337 3769 399 3853 μὲν
436 3761 648 3853 Ἀλέξανδρος
689 3762 734 3845 ὡς
767 3771 1043 3858 καταφρονηθεὶς
1084 3764 1147 3848 τάς
1180 3769 1299 3856 Θήβας

281 3871 506 3958 κατέσκαψεν·
532 3862 603 3930 εἶτα
625 3860 810 3950 μεταγνούς
828 3867 882 3931 ίιιί
905 3867 954 3951 τῷ
979 3873 1206 3990 πεπραγμένῳ,
1230 3872 1298 3953 ίξε-

276 3960 405 4055 κύρησε
434 3966 495 4046 τῆς
521 3957 678 4040 Ελλάδος
719 3960 967 4051 αίσγυνόμιυος,
1009 3971 1067 4036 καὶ
1097 3965 1186 4036 κατά
1228 3974 1296 4041 τῶν

276 4059 460 4181 βορβόρου
481 4059 705 4154 ἐστράτευσεν
746 4068 779 4132 οί
804 4065 839 4132 δὲ
861 4054 1044 4146 Αθηναῖοι
1060 4064 1185 4156 καιρὸν
1210 4073 1296 4156 ίγειν

274 4160 435 4252 ίνόμισαν
464 4167 567 4256 κρίσει
590 4163 802 4257 παραδοῦναι
827 4159 908 4243 τούς
930 4162 1101 4258 προδότας
1125 4162 1203 4246 τούς
1227 4167 1293 4254 τὴν
