3066 5056
463 334 508 396 oo
789 327 1155 395 nullosTnans

466 506 529 574 τοῦ
555 498 786 623 προδιδόντος
795 506 963 592 συμφέρον
989 504 1096 584 ζητῶν
1117 497 1261 596 χρήματ’
1297 501 1479 624 ἀναλίσκει,

469 604 565 686 οὐδ’,
598 600 730 672 ἐπειδὰν
762 591 809 669 ῶν
842 598 887 669 ἂν
921 605 1059 687 πρίηται
1088 600 1201 693 κύριος
1234 609 1386 692 γένηται,
1430 631 1470 724 cp

467 702 615 796 προδότη
640 700 816 789 συμβούλῳ
841 703 916 791 περὶ
940 705 1008 770 τῶν
1030 706 1158 771 λοιπῶν
1183 709 1232 779 ἔτι
1253 708 1394 794 χρῆται
1419 703 1480 773 οὐ·

469 800 538 873 δὲν
549 800 614 892 γὰρ
638 798 683 869 ἂν
715 792 757 884 τήν
788 800 1080 888 εὐδαιμονέστερον
1105 803 1286 888 προδότου.
1310 801 1384 871 ἀλλ’
1413 802 1478 874 οὐκ

214 940 247 995 ,-
277 928 289 993 j
359 978 385 985 ..
469 906 540 972 ion
572 904 699 982 ταῦτα,
735 899 795 969 οὐκ
829 903 923 968 ἔστι
945 898 1083 986 norim
1114 905 1241 970 πολλοῦ
1278 929 1315 987 γε
1341 907 1397 972 καὶ
1415 907 1480 972 δεῖ.

469 1001 544 1072 ἀλλ’
575 999 708 1070 ἐπειδὰν
731 1004 799 1069 τῶν
830 998 1036 1089 πραγμάτων
1059 998 1220 1089 ἐγκρατὴς
1245 998 1264 1069 ὁ
1290 1005 1397 1085 ζητῶν
1418 999 1484 1097 δόρ-

466 1127 539 1191 χτιν
571 1105 734 1195 καταστῇ,
766 1102 822 1167 καὶ
852 1102 920 1168 τῶν
951 1103 1060 1168 ταῦτα
1085 1098 1339 1188 ἀποδεδομένων
1365 1099 1492 1171 δισπό-’

470 1228 531 1284 της
555 1205 640 1282 ἐστί,
667 1198 729 1283 τὴν
753 1203 788 1268 δὲ
813 1203 979 1288 πονηρίαν
1003 1197 1114 1279 elicio,
1138 1198 1215 1269 τότε
1241 1199 1302 1284 δή,
1325 1198 1399 1270 τότε
1426 1203 1484 1270 καὶ

408 1329 448 1388 43
471 1312 559 1391 μισεῖ
581 1304 638 1369 καὶ
663 1299 796 1367 ἀπιστεῖ
822 1302 878 1366 καὶ
903 1302 1148 1391 προπηλακίζει.
1174 1311 1325 1369 σκοπεῖτε
1350 1305 1400 1368 δι’·
1427 1296 1486 1369 καὶ

470 1397 539 1517 γὰρ
570 1405 599 1468 ελ
630 1395 866 1488 παρελήλυθεν
907 1395 927 1466 ὁ
958 1402 1025 1467 τῶν
1061 1396 1265 1523 πραγμρίτων
1297 1397 1428 1490 καιρός,
1464 1396 1484 1467 ὁ

472 1503 534 1569 τοῦ
560 1524 596 1585 γε
629 1503 748 1567 εἰδέναι
785 1522 828 1564 τα
855 1500 999 1564 τοιαῦτα
1021 1495 1138 1588 καιρὸς
1169 1497 1223 1568 ἀεὶ
1247 1520 1387 1590 παρεστι
1411 1508 1486 1577 τοῖς

472 1624 510 1670 ευ
543 1601 718 1692 φρονοῦσι.
749 1603 842 1686 μέχρι
875 1593 998 1665 τούτου
1023 1600 1209 1680 Λασθένης
1229 1597 1372 1691 φίλος’
1351 1623 1488 1685 ονομα-

474 1702 546 1783 ζετο
575 1700 766 1777 Φιλίππου,
790 1703 850 1775 ἕως
869 1691 1069 1786 προῦδωκεν
1074 1691 1263 1777 Ὄλυνθον,
1286 1706 1379 1785 μέχρι
1405 1692 1488 1761 τού-

474 1823 537 1871 του
572 1794 760 1889 Τιμόλαος,
789 1801 850 1876 ἕας
880 1792 1028 1866 ἀπώλεσε
1064 1791 1194 1881 Θηβας,
1233 1799 1327 1885 μέχρι
1357 1789 1487 1862 τούτου

473 2085 560 2144 ιιοόειν
580 2091 648 2153 apoli
677 2094 794 2141 Graeco·
824 2087 956 2139 luter-dum
1006 2087 1035 2139 in
1054 2086 1135 2172 Βροῑο
1153 2100 1211 2152 cap.
1230 2089 1275 2141 ln.

474 2161 507 2208 (lc
526 2162 640 2209 temnet
661 2158 856 2208 existimatione
881 2159 956 2206 adhi-
1041 2174 1098 2209 ουκ
1139 2157 1213 2207 ἔστι
1257 2153 1380 2220 ταῦτα,
1428 2149 1487 2205 ola

474 2231 564 2289 betur,
589 2222 758 2276 intendite
790 2227 857 2285 apud
883 2226 958 2274 lati·
1005 2223 1105 2274 ἔστιν.
1147 2220 1271 2288 nri-im
1302 2222 1425 2276 πολλοῦ
1453 2241 1488 2289 γε

474 2311 531 2346 noa
566 2297 719 2354 Plerumque
737 2294 840 2341 additur
863 2295 957 2342 adver·
1005 2291 1085 2353 δελ]
1129 2295 1219 2343 Dictio
1239 2294 1371 2374 negativa
1389 2293 1489 2354 gravia,

372 2389 381 2407 r
475 2366 544 2412 bium
568 2364 705 2423 gencrale,
731 2358 800 2420 q'uod
827 2362 956 2410 rationem
1004 2361 1033 2410 in
1055 2375 1108 2422 qua
1133 2364 1183 2411 lroc
1212 2356 1297 2412 πόθεν
1325 2363 1489 2410 Scholiaatae

474 2434 559 2480 lamec
579 2431 691 2492 indicat,
710 2444 752 2492 ευ,
770 2426 858 2489 καλῶς,
876 2428 957 2486 κακῶς
1005 2431 1136 2491 explicant
1164 2424 1301 2495 οὐδαμῶς,
1330 2426 1411 2478 οὔτοι.
1453 2431 1490 2477 Et

474 2493 589 2561 ἀκούειν,
609 2498 715 2560 bene,
725 2496 810 2545 malc
828 2497 959 2547 audire

474 2568 568 2616 Rarior
577 2565 683 2612 additur
695 2531 885 2613 iubatnntivum
895 2579 957 2624 pcr-

474 2635 578 2696 aonnle,
613 2633 749 2696 indicam,
777 2633 867 2710 qualis
896 2631 956 2690 quia

473 2702 613 2763 habeatur,
636 2704 665 2748 ul
689 2701 731 2748 lic
754 2692 893 2782 uolucer’
877 2695 957 2750 αεοῶ-

473 2783 532 2818 oum
565 2768 728 2818 adulatorum
764 2768 872 2817 nominc
906 2783 957 2817 uo-

474 2842 575 2888 tantur.

510 2906 534 2965 §-
552 2908 594 2953 l't.
636 2902 686 2952 llic
702 2904 775 2953 locua
795 2905 864 2952 uude
882 2903 957 2951 duxit

476 2973 654 3022 admirabilem
679 2976 705 3019 et
727 2986 812 3032 paene
837 2973 957 3035 ‚divinam

476 3055 550 3091 auam
575 3040 628 3089 rim
648 3054 678 3087 ac
700 3040 874 3099 gravitatemi
908 3040 957 3087 Eat

475 3110 580 3170 quidem
615 3121 630 3155 c
664 3107 732 3155 locia
770 3106 957 3169 courmunihuc,

473 3177 669 3237 cententiaeque
699 3188 835 3223 commea
866 3176 958 3235 vulga·

473 3245 589 3294 tiaaimia.
624 3244 705 3290 Lucet
724 3245 750 3290 ct
774 3241 892 3302 aplenrlet
909 3255 957 3290 au

474 3315 526 3362 tem
548 3311 576 3359 iu
596 3311 768 3358 Demosthene
783 3324 839 3357 cum
858 3323 958 3358 comma

473 3378 652 3441 aimplicitatc.
687 3381 752 3426 Nam
778 3379 838 3425 ilum
855 3379 958 3439 ringula

474 3462 490 3496 c
510 3447 622 3509 cinguli·
640 3447 816 3508 deducuntur,
839 3460 957 3494 momen·

474 3519 527 3564 tum
553 3530 569 3562 c
599 3517 731 3562 momento
760 3515 865 3574 patefit,
895 3529 958 3562 aen-

378 3629 381 3634 .
474 3582 617 3631 tentiarum
640 3596 733 3642 prema
758 3583 887 3633 brevitate
910 3597 958 3631 ve·

473 3649 540 3698 rita·
560 3652 586 3697 el
610 3649 783 3710 perspicuitaa
807 3651 957 3709 adiuratur;

474 3718 612 3765 edocemur
630 3732 682 3765 non
704 3719 804 3779 colum,
830 3719 876 3765 aed
893 3719 957 3766 victi

473 3786 553 3844 plene
570 3789 596 3832 et
613 3786 683 3845 capti
702 3787 734 3832 ab
752 3790 861 3833 oratore
885 3786 957 3832 abri-

472 3853 499 3913 pi
516 3867 565 3902 noa
584 3854 661 3900 iacile
678 3853 801 3914 patimur.
843 3856 897 3901 Nec
915 3858 957 3900 ta-

474 3935 534 3969 men
557 3921 585 3968 iu
608 3921 642 3968 iia
673 3922 790 3969 cernitur
819 3919 956 3982 grandilo-

473 3990 596 4050 qucutio‚
620 4002 695 4049 quam
718 3994 828 4046 vocant,
847 3989 892 4035 secl
914 4002 954 4036 rea

473 4057 612 4119 conficitur
645 4056 730 4104 omnia
766 4056 855 4104 subtili
899 4054 954 4119 illa,

1005 2510 1055 2546 σοι
1077 2500 1178 2558 quidem
1205 2504 1241 2545 ex
1265 2503 1356 2546 noctua
1382 2497 1489 2546 ratione

1004 2566 1128 2624 loquendi
1148 2567 1206 2612 eiua
1224 2566 1283 2614 loco
1304 2567 1381 2613 talem
1407 2580 1490 2626 nega·

1004 2633 1103 2681 lionem
1128 2632 1257 2691 ponimur.
1297 2632 1416 2682 Vividiua
1442 2647 1490 2681 au·

1004 2704 1057 2748 tem
1077 2701 1171 2748 Graeci
1191 2699 1358 2761 negationem
1380 2716 1427 2760 per
1446 2702 1490 2748 in-

1004 2767 1210 2830 terrogationem
1235 2770 1395 2827 exprimunt.
1431 2771 1491 2816 Un-

1006 2836 1061 2884 rlei
1089 2837 1279 2884 emunctiori
1313 2836 1407 2897 ponit.
1447 2837 1488 2884 nd

1004 2905 1072 2952 lanc
1092 2903 1325 2964 interrogationem
1348 2905 1491 2965 reupouuio

1005 2977 1048 3020 eat
1064 2969 1184 3020 πολλοῦ
1175 2988 1202 3036 με
1221 2970 1265 3020 καὶ
1281 2969 1333 3033 δεῖ,
1351 2974 1490 3021 multum

1006 3053 1088 3089 εσσε
1107 3040 1208 3088 abent.

1039 3105 1099 3155 τῶν
1128 3102 1337 3173 πραγμάτων
1360 3106 1489 3175 ἐγκρα-

1004 3168 1077 3238 της]
1115 3181 1211 3235 poten·
1230 3190 1337 3235 corum,
1355 3189 1422 3235 quac
1438 3188 1491 3224 ro-

1005 3244 1067 3292 luit.

1041 3311 1064 3370 p.
1094 3314 1136 3361 48.
1176 3307 1232 3358 καὶ
1260 3304 1321 3375 μόρ
1355 3306 1384 3358 εἰ
1418 3311 1489 3372 cet]

1007 3378 1101 3427 etenim
1129 3375 1152 3425 ai
1174 3392 1219 3441 ¹reu
1241 3379 1393 3443 perierunt,
1420 3380 1490 3438 quod

1006 3447 1065 3507 ipco
1088 3446 1213 3505 tempori·
1238 3453 1369 3494 momento
1396 3461 1491 3507 parum

1006 3513 1100 3563 attenti
1126 3527 1245 3577 eramus,
1276 3517 1415 3575 prudentes
1447 3520 1492 3563 ta-

1005 3596 1065 3631 men
1102 3581 1220 3628 hominea
1258 3596 1309 3630 uon
1342 3582 1491 3644 negligunt,

1005 3650 1106 3710 qualern
1135 3648 1238 3708 singula
1267 3651 1366 3698 exitum
1392 3652 1490 3698 habue-

1006 3719 1074 3778 rint,
1097 3717 1279 3780 couaiderarc,
1297 3723 1376 3766 etex
1394 3723 1490 3766 eventu

1006 3785 1035 3834 lu
1057 3786 1175 3832 futurum
1200 3787 1301 3847 lempna
1323 3785 1416 3834 melina
1439 3786 1493 3835 eibi

1006 3852 1155 3901 consulere.

1039 3917 1235 3983 Λασθένης]
1288 3922 1430 3970 Lartlenca
1463 3926 1492 3972 et

1005 3988 1179 4048 Euthycraten
1192 3989 1317 4047 ,Olynthii
1347 3991 1458 4049 pecunia
1475 4006 1493 4040 a

1005 4057 1124 4117 Philippo
1143 4055 1279 4118 corrupti,
1299 4058 1341 4116 qui
1363 4071 1492 4109 nummum

472 4137 576 4188 prenae,
594 4127 733 4173 enucleata
751 4124 885 4188 oratione,
903 4139 954 4184 quo
1004 4127 1059 4173 loru
1083 4123 1190 4182 Olynthi
1208 4125 1389 4184 magistratum
1410 4141 1490 4186 gere.

471 4194 577 4248 nomine
614 4197 734 4246 nortuum
764 4193 853 4246 laudat
888 4193 951 4247 (lic.
1003 4194 1079 4253 bant,
1105 4205 1160 4242 noo
1187 4189 1376 4260 impedierunt,
1403 4208 1490 4257 quau·
