3066 5056
1165 306 1227 365 2οΙ

213 477 247 525 tit
266 474 425 536 tidpeden
446 473 477 521 ud
496 473 696 522 Demosthenem
717 487 768 523 noo
787 476 914 539 spectare,
934 477 996 537 „sed
1015 477 1046 531 sd
1067 446 1228 535 Aeschinem,

215 578 335 641 „quippe
358 576 417 639 qui,
444 577 527 635 quood
552 576 607 622 eius
632 575 687 622 tieri
713 575 843 638 potuerit,
868 578 1038 629 Demostheni
1064 591 1154 624 corum
1183 590 1231 636 po·

214 681 300 742 „polo
324 678 427 725 dicendi
455 675 582 736 cripuerit
606 677 799 735 potestatem;“
832 677 857 723 iu
884 679 1092 737 retiqua'cutem
1118 678 1169 725 loci
1189 679 1230 725 in·

216 779 406 840 terprctutionc
427 779 611 825 assumentem
630 791 669 824 me
687 793 738 824 nou
767 779 850 826 huhet.
886 781 956 827 Dicit
980 780 1046 827 euim
1077 781 1231 827 Demosthe·

210 897 275 941 ,nem
306 881 436 941 respicere
459 877 588 927 cretionis
612 879 772 927 Aeschineac
795 881 878 928 lucum
902 895 975 943 curo,
995 883 1036 928 uti
1056 882 1231 944 advenerim,
1276 903 1280 922 ι

218 983 379 1044 superiorem
404 980 585 1040 Demosthenis
609 981 785 1039 eloquentiam
806 981 913 1043 timeus,
936 983 1032 1030 edituro
1056 983 1086 1029 cd
1107 983 1231 1043 poputum

218 1092 244 1132 et
265 1087 342 1131 rerhc
362 1084 389 1130 iu
409 1084 457 1129 hoc
476 1084 533 1142 ipsc
554 1095 632 1128 enuso
651 1083 770 1138 tucieudo
787 1082 837 1141 ipsi
863 1096 970 1142 prorsus
989 1083 1164 1131 intercludere
1188 1099 1233 1132 co.

218 1191 294 1234 nctus
319 1187 408 1234 tuerit.
448 1172 579 1246 (Ae'sch.
604 1184 630 1229 iu
651 1187 718 1230 cieo.
738 1185 760 1243 ξ.
778 1187 828 1230 200
847 1208 881 1221 -
899 1188 958 1234 2052.
978 1185 1016 1230 ed.
1036 1173 1146 1247 Bromii,
1170 1185 1233 1235 titt.

219 1286 281 1349 gu).
318 1288 394 1345 Addit
419 1285 528 1332 deiude:
553 1284 692 1346 „iusserat
718 1285 753 1330 ihi
779 1284 919 1332 Aeschinen
949 1286 1142 1345 ctesiphontem
1175 1300 1233 1335 sese

219 1385 493 1459 „ipsum'detendere,
513 1399 594 1444 neque
614 1387 809 1434 Decurstheuem
828 1387 854 1432 iu
874 1387 999 1433 auxilium
1020 1388 1139 1435 rocure.“
1157 1389 1234 1444 Quod

220 1491 317 1536 utiusm
343 1488 481 1546 vestigium
505 1488 651 1545 accuratius
679 1489 839 1545 ttfipcdeu
865 1489 1016 1546 pressisset,
1041 1491 1067 1536 iu
1090 1505 1140 1551 quc
1169 1503 1231 1549 pro·

218 1592 288 1638 xime
314 1591 344 1636 ci
371 1590 508 1661 rep-itatem
532 1593 690 1647 accesserat,
715 1603 797 1648 neque
823 1590 945 1635 ctiorsum
972 1592 1061 1637 obduci
1085 1605 1113 1638 se
1141 1605 1233 1651 pessus

220 1699 297 1745 essct.
340 1695 433 1738 i'erum
448 1684 485 1736 ¹iu
514 1691 681 1747 sequentihus
695 1691 800 1743 cerreta
820 1691 865 1735 huc
886 1691 928 1735 ric
946 1704 1000 1747 reru
1018 1705 1118 1738 omuem
1140 1673 1235 1739 referri

220 1796 291 1841 iubet
310 1795 339 1840 nd
361 1793 502 1840 Aeschinis·
514 1792 637 1865 iniustam
658 1791 873 1852 postuiotiouem,
892 1798 921 1838 ot
940 1793 1237 1842 Demosthenes-eodem

222 1890 429 1956 er·purrserrtorum
454 1894 558 1952 ordine,
589 1907 664 1951 quem
688 1892 744 1951 ipse
774 1894 915 1940 Aeschinen
940 1892 966 1940 ir
999 1894 1166 1941 accusatione
1192 1909 1235 1946 se·

221 2004 296 2044 cutus
322 2001 394 2056 erut,
422 2009 523 2042 causum
549 2009 670 2055 perngero
696 1999 842 2054 cogeretur.
867 1973 959 2042 ¹'itanc
986 1998 1052 2043 euim
1079 2010 1171 2043 rerere
1189 1968 1235 2054 po.

211 2099 387 2146 stuiutioncm
408 2100 524 2156 spectare
544 2111 588 2154 eo,
615 2101 643 2141 ut
668 2096 769 2154 puhtics
786 2095 888 2143 dicendi
902 2104 1033 2156 potestate
1049 2098 1236 2146 Demosthenes

223 2213 330 2260 prorsus
346 2174 516 2256 prirentur.
557 2196 724 2259 „Equideun
751 2197 849 2258 iuquit,
876 2196 898 2242 si
918 2198 988 2244 uultu
1014 2212 1044 2244 eo
1069 2198 1238 2256 perdocerent

224 2300 373 2364 „t¹estigio‚
401 2299 511 2345 mirarer
536 2299 668 2360 protecto,
691 2299 735 2356 qui
763 2301 858 2346 [sctum
885 2303 965 2357 esset,
991 2304 1020 2345 st
1044 2313 1167 2346 summum
1187 2303 1238 2347 Ae.
1264 2281 1269 2294 ¹

224 2393 346 2467 „sc-trinis
364 2400 523 2460 iniustitiam
544 2398 678 2459 aptissimo
697 2402 743 2448 hoc
763 2402 821 2449 ioco
840 2405 927 2448 cretur
945 2400 1052 2448 silentio
1071 2402 1238 2459 praetermit-

223 2538 239 2568 „
250 2508 317 2552 tcrct
327 2503 358 2551 t“
419 2564 422 2568 .

296 2637 481 2685 Grnrissimum
509 2639 573 2701 hoc,
601 2639 668 2697 qood
692 2639 831 2687 Aeschines
851 2637 1036 2698 postulaverit,
1054 2641 1080 2684 et
1098 2637 1240 2685 iniustissi.

228 2755 296 2787 mum
315 2741 396 2787 tuisse
414 2742 442 2786 ut
460 2741 641 2798 concedimus,
659 2739 697 2786 itu
716 2740 772 2786 huic
790 2739 828 2786 rei
849 2740 912 2786 sctis
932 2754 987 2786 esse
1007 2742 1102 2786 tectum
1126 2740 1157 2786 uh
1179 2753 1240 2787 ors-

230 2848 286 2889 tore
310 2849 431 2901 putamus
456 2840 545 2888 stetim
568 2841 595 2902 in
615 2840 733 2888 exordio.
777 2841 876 2886 ludices
900 2840 967 2896 enim
992 2847 1019 2887 ut
1044 2841 1239 2888 Demosthenem

228 2958 242 2991 s
267 2956 314 2990 suo
338 2943 467 2992 orationis
486 2942 579 2989 ordine
597 2942 718 2989 recedere
736 2942 867 3001 otiumque
881 2941 1029 2995 ⁴iu'utitucrc
1048 2945 1171 3008 cogere-nt
1188 2957 1241 2990 non

229 3046 287 3104 iege
305 3044 392 3102 ulique
411 3056 457 3090 uec
476 3043 534 3089 iure
553 3043 672 3090 obtinere
691 3049 829 3107 poterant,
852 3037 941 3090 rerum
961 3044 1022 3103 iilo,
1046 3058 1096 3102 quo
1115 3044 1153 3090 uti
1172 3046 1241 3092 soie-

209 3159 211 3164 ·
232 3149 307 3207 truut,
324 3144 347 3192 si
367 3145 427 3204 quid
445 3143 510 3205 ipsis
534 3145 701 3207 displiceret,
723 3160 775 3192 non
793 3144 910 3205 legitimo
930 3146 1047 3204 quidem,
1071 3146 1097 3189 st
1113 3141 1243 3208 δημοτικῷ
1310 3163 1311 3167 ’

231 3252 304 3295 certe
322 3261 393 3293 more
416 3244 464 3293 τοῦ
488 3249 619 3310 θορυβεῖν.
663 3249 716 3294 Hoc
736 3261 798 3293 vero
818 3246 985 3294 Derrrostheni
1008 3246 1112 3294 minime
1131 3253 1188 3294 erut
1208 3248 1242 3294 ti-

233 3350 368 3409 mendum,
391 3338 420 3395 ut
443 3318 487 3405 qui
511 3349 682 3394 libentissime
707 3348 850 3396 audiretur.
892 3347 1059 3395 Paucissimis
1078 3362 1139 3407 ergo
1158 3349 1242 3408 iisque

234 3448 398 3510 pravissimis
421 3448 508 3494 verbis
526 3448 562 3506 (ξ,
583 3451 607 3494 2.
628 3447 719 3508 Bekis.)
739 3449 786 3498 lroc
806 3449 874 3495 metu
893 3450 1032 3495 defunctus
1056 3453 1096 3495 cst
1121 3449 1242 3497 udrcrse·

234 3549 317 3608 riiqoe
334 3549 383 3594 lroc
402 3548 548 3607 profligarit
567 3548 712 3599 urtiticiutu.
747 3550 893 3610 Exagitcr‘e
912 3564 972 3596 rero
988 3549 1130 3597 udrerssrii
1151 3534 1244 3611 postu.
1329 3538 1330 3543 ¹

186 3652 189 3657 “
234 3652 357 3698 tutionem
383 3662 430 3708 pro
455 3663 497 3709 eu,
521 3663 571 3706 qun
595 3650 684 3712 tichct,
710 3647 855 3698 iniustitiae
881 3650 1055 3710 maguitudiue
1073 3651 1095 3698 si
1118 3654 1245 3703 voluisset

235 3758 340 3813 orator,
362 3764 413 3796 non
434 3751 549 3807 protecto
568 3753 754 3823 commisisset,
775 3755 804 3798 ut
823 3753 850 3799 iu
869 3754 1036 3811 sequentihus
1048 3754 1179 3802 nescirent
1197 3764 1244 3803 su'-

213 3855 333 3923 ⁴ditores
353 3867 385 3897 sse
405 3851 483 3898 rerho
504 3852 604 3909 quidem
624 3854 722 3917 edocti,
749 3855 816 3913 quod
840 3855 1001 3914 potissimum
1027 3855 1142 3902 nroiitiue
1163 3871 1246 3915 genus

236 3958 262 4002 iu
281 3952 432 4003 edversario
452 3957 504 4000 tom
522 3953 620 3999 acriter
636 3958 724 4000 noture
742 3955 827 4001 rciiet.
865 3958 951 4014 Neque
969 3956 1037 4001 euim
1056 3955 1082 4004 id
1101 3955 1246 4007 efficiebant

238 4058 327 4104 verbu:
354 4049 384 4102 οἵ·
406 4051 455 4119 γὰρ
479 4047 658 4119 ἀφαιρεῖσθαι
681 4051 718 4100 dri
737 4080 770 4090 -
791 4049 870 4118 λόγου
895 4059 992 4117 τυχεῖν,
1016 4061 1041 4102 ei
1067 4058 1133 4114 quod
1158 4057 1185 4105 in
1203 4073 1246 4109 se·

242 4158 378 4216 quentihus
406 4155 492 4206 verbis
517 4144 572 4202 ἀλλ’
600 4148 640 4218 rp'
667 4153 704 4210 οἷς
721 4149 854 4214 tricarent
874 4171 906 4222 pc
927 4150 991 4224 tuipse
1018 4150 1062 4220 sipr
1081 4151 1152 4208 πόλιν
1174 4177 1196 4208 κ.
1223 4180 1247 4210 τ.
